3030 4982
509 388 685 464 ninus
720 378 988 466 ruamus.
1218 405 1303 474 :121

195 591 257 655 775
281 591 354 668 ila,
364 589 475 654 domus
489 589 589 654 aetatis
604 589 704 673 spatio
718 609 759 651 ne
772 587 851 652 fessa
864 599 986 654 vetusto

282 701 421 767 Obruat?
445 701 569 770 Atnon
583 711 656 765 suut
664 701 732 784 jam
745 699 903 764 inmortali
917 699 980 764 ulla
993 700 1116 785 pericla.

321 813 480 900 Denique,
496 811 655 877 connubia
668 809 710 874 ad
724 809 867 888 Veneris,
882 822 1050 898 partusque
1063 811 1210 893 ferarum,

279 923 354 989 Fsse
368 925 628 1008 auinraspraesto,
648 920 854 986 deridiculum
868 943 933 985 esse
946 921 1084 1000 videtum

278 1034 472 1122 Exspectare
484 1033 677 1098 inmortaleis
691 1031 835 1096 mortalia
847 1032 989 1096 membra

192 1145 255 1212 780
277 1147 450 1212 Innumero
463 1135 613 1221 numero,
619 1155 803 1228 certareque
815 1154 1086 1227 praeproperanter

277 1259 365 1323 Inter
380 1281 423 1336 se,
439 1279 511 1343 quae
524 1256 639 1342 prima,
653 1253 886 1340 potissimaque,
899 1254 1087 1318 insinuetur:

279 1370 313 1436 si
328 1391 394 1432 non
401 1367 488 1432 forte
501 1368 546 1432 ita
560 1377 632 1432 sunt
646 1367 822 1430 ammarum
835 1365 954 1430 fodero
966 1378 1072 1451 pacta,

277 1481 336 1559 Ut,
353 1501 425 1567 quae
437 1479 539 1566 prima
553 1478 660 1544 volans
672 1477 845 1556 advenerit,
865 1477 1038 1542 insinuetur

277 1593 395 1672 Prima,
410 1613 511 1678 neque
524 1591 607 1657 inter
621 1613 653 1654 se
668 1588 859 1655 contendant
872 1589 989 1654 viribus
1003 1587 1111 1653 hilum.

164 1829 269 1880 Servius:
300 1835 317 1860 ‘¹
333 1827 493 1878 Definitiones
519 1837 576 1878 sunt
600 1831 714 1896 corpor-is5
747 1825 950 1892 “Fingisautcm
966 1826 1226 1891 animaeputrecorpus
1242 1827 1297 1878 odio

159 1912 180 1938 “
190 1921 248 1954 nom
261 1905 338 1954 crasi
355 1905 429 1969 lupas,
446 1907 513 1970 quasi
528 1905 610 1968 lorpes,
629 1921 714 1967 corpus
746 1911 764 1936 ⁸‘
774 1905 867 1966 haberi5
878 1906 916 1956 vel
925 1923 978 1954 earn
989 1906 1081 1962 timere,
1092 1905 1200 1954 nemini
1211 1905 1298 1954 domils

155 1983 358 2046 “vocantquasi
367 1983 491 2032 vinculum
499 1983 595 2031 airimi.”
622 1983 712 2032 Videas
744 1984 913 2033 “labascentis
933 1983 1061 2034 obruatur?
1091 1983 1137 2032 Sed
1163 1999 1213 2031 non
1241 1985 1297 2032 sads

159 2062 234 2110 etiam
255 2061 316 2110 viros
336 2062 418 2112 doctos
438 2061 468 2110 sd
489 2062 580 2110 Lucan.
601 2063 631 2111 vi.
654 2066 709 2111 722.
743 2065 761 2090 “
772 2076 860 2110 osussoe
869 2071 914 2122 est,
924 2077 976 2122 cur,
995 2061 1101 2110 mortalis
1111 2077 1165 2125 quae
1175 2062 1213 2118 sit,
1231 2079 1295 2110 mor·

162 2139 231 2188 Nihil
245 2147 332 2187 aaran
353 2139 486 2203 adjumenti
506 2139 571 2187 venit
592 2153 622 2186 ex
642 2139 709 2188 libris
742 2141 819 2188 “tem
837 2139 979 2188 aversetur.”
1013 2139 1044 2186 In
1062 2153 1135 2202 quam
1153 2153 1205 2186 rem
1218 2138 1296 2188 multa

160 2215 287 2278 suspicioni
298 2231 365 2264 more.
741 2199 883 2281 {rgumenta
901 2234 977 2282 usqae
994 2217 1026 2266 ad
1043 2217 1118 2266 finem
1138 2217 1193 2266 libri
1214 2225 1295 2266 noster

193 2295 252 2344 Ver.
264 2299 319 2345 775.
337 2298 390 2346 Aa:
409 2311 442 2345 ιο
453 2297 482 2345 Ρ.
494 2297 559 2361 quod
573 2298 708 2362 longsani-
740 2295 846 2356 protulit.
880 2295 927 2345 Sed
944 2298 996 2344 hac
1015 2295 1089 2345 videri
1105 2304 1205 2357 possunt
1219 2296 1294 2344 nirnis

158 2373 251 2420 mosius
269 2380 312 2428 est,
334 2381 359 2420 et
378 2374 405 2419 in
423 2373 566 2422 advenarios
586 2377 710 2438 superbius
741 2374 845 2435 subtilia,
865 2375 968 2424 etaltius
979 2375 1060 2436 petita,
1077 2374 1168 2422 sicum
1178 2375 1291 2436 simplici·
1362 2370 1364 2378 ’

155 2448 338 2510 triumphantis.
364 2449 457 2512 Vulgo,
469 2453 509 2498 Et.
740 2457 789 2498 tate
799 2452 951 2514 wlgarorum
962 2459 1142 2512 componantur.

192 2537 255 2586 ibid.
272 2542 348 2588 oetatr's
366 2542 440 2600 spatio
450 2539 529 2602 festa:
548 2539 564 2588 i.
574 2556 595 2589 e.
615 2560 709 2596 aarum·
746 2537 749 2544 '
775 2541 847 2594 ibid.
870 2557 918 2590 noa
939 2549 993 2589 suat
1015 2543 1136 2588 inmortali
1156 2543 1205 2588 alla
1223 2542 1289 2603 preri-

142 2611 217 2673 'awua
232 2615 270 2664 vel
282 2635 429 2680 oenomaum:
447 2617 556 2665 consulas
565 2619 596 2666 de
605 2619 650 2668 bac
660 2621 707 2669 ele·
741 2619 785 2665 cla.
818 2618 878 2665 Huc
896 2617 953 2664 fucit
972 2617 1104 2676 Arnobius,
1122 2615 1198 2663 libii.
1217 2632 1240 2677 p.
1251 2621 1291 2666 64.

155 2701 229 2756 ganta
238 2693 359 2742 locutione
369 2707 448 2741 meam
462 2694 517 2743 Silv.
526 2696 582 2744 erit
592 2706 646 2746 sect
654 2697 706 2746 cliv.
740 2699 758 2724 “
769 2695 811 2754 At,
828 2693 873 2758 qui
887 2694 974 2756 poterit
989 2693 1090 2741 territari
1101 2685 1234 2740 formidinis
1248 2693 1291 2741 ali-

152 2778 246 2819 ettam
257 2778 373 2833 v.p.l69.
390 2771 459 2819 Hinc
468 2773 567 2834 pulchre
577 2773 705 2833 Lucienus,
739 2771 836 2834 “cujus
856 2773 962 2831 horrore,
989 2771 1029 2819 cui
1049 2769 1123 2818 fuerit
1142 2785 1290 2832 persuasum,

154 2849 267 2896 Timonis
289 2845 423 2902 linezssr'nr
443 2870 483 2912 arr
504 2849 609 2902 δικελλῶν
631 2865 704 2918 ολιγον
738 2852 816 2896 “istm
834 2865 859 2898 ⁸⁸
875 2855 925 2898 &⁵⁵²
941 2849 1109 2908 i1²²1¹¹⁰¹l⁴¹ll¹¹¹r
1127 2863 1198 2912 ‘luam
1210 2848 1289 2912 ipsum

152 2945 262 2975 usuratu
281 2937 355 2975 παλαι
378 2935 612 2978 nnnonuxrtnrt:
634 2931 703 2994 cujus
736 2927 849 2976 “Deum
859 2927 997 2991 primum?”
1015 2927 1288 2987 Sleoerlbendumreor.

155 3002 266 3051 vocabuli
284 3018 382 3050 veneres
399 3004 425 3052 in
444 3003 486 3051 illo
506 3003 559 3053 loco
578 3023 627 3055 nou
648 3011 704 3058 satis
736 3020 779 3066 pro
790 3009 831 3056 El.
895 3051 900 3058 .

154 3081 285 3130 editoribus
302 3091 359 3130 sunt
374 3091 507 3144 perspecta.
542 3083 613 3132 Adsit
627 3087 704 3136 etiam
768 3083 824 3133 Ver.
837 3087 892 3136 777.
901 3086 1025 3151 ferarum:
1044 3072 1102 3149 quas
1114 3101 1143 3133 eo
1153 3101 1202 3147 prae
1212 3090 1286 3135 lomi·

153 3161 180 3209 iu
195 3161 334 3209 coronidem
345 3162 472 3226 Virgilius,
489 3163 547 3212 AEn.
560 3164 651 3216 11596.
668 3165 702 3215 lo.
734 3162 802 3210 aibas
812 3172 891 3210 noster
901 3162 995 3228 allegat,
1006 3170 1035 3210 ut
1045 3162 1159 3224 majorem
1167 3163 1286 3210 inuidiam

90 3261 92 3266 ’
152 3253 240 3302 porum
251 3240 361 3288 omnium
371 3239 475 3303 locuples
490 3241 659 3294 conditorium:
734 3245 759 3284 ct
766 3248 929 3301 contemptum
937 3239 1086 3303 argumentis
1096 3239 1284 3287 adversariorum

458 3325 461 3334 ‘
734 3315 816 3374 pariat.
849 3318 955 3364 Eteerte
971 3331 996 3364 sc
1012 3331 1062 3364 non
1078 3316 1161 3363 inscite
1172 3315 1284 3366 festivum

734 3393 847 3452 praestitit.
1256 3391 1257 3394 ’

767 3470 823 3518 Ver.
835 3475 889 3518 778.
906 3472 1075 3518 deridiculum:
1094 3469 1126 3517 V.
1145 3469 1181 3519 sd.
1201 3471 1233 3520 0.
1255 3479 1282 3522 Δ.

153 3369 198 3408 tlon
206 3369 261 3420 prius
268 3369 373 3418 adspicies,
379 3369 505 3418 ubl,fesraar
512 3374 576 3418 elate,
583 3377 690 3420 parentem

152 3425 244 3476 thaera
252 3428 366 3468 uenirent

185 3539 242 3589 Ver.
264 3545 320 3590 776.
347 3545 481 3591 inmortali:
509 3543 613 3592 universi
637 3545 700 3606 libri,
734 3557 765 3595 11.
778 3553 805 3597 Σ.
821 3550 981 3599 cataractam.

153 3625 272 3680 quantum
292 3619 411 3683 intelligo,
433 3628 496 3668 certe
516 3635 600 3668 omnes
617 3624 700 3684 nostri,
765 3624 822 3672 Ver.
839 3628 893 3674 779.
918 3627 1070 3688 Exspectare.-
1097 3625 1132 3673 sic
1150 3626 1237 3690 legitur
1255 3629 1281 3676 in

148 3697 237 3744 hubent
247 3701 341 3746 mortali
344 3721 354 3753 ,-
372 3714 444 3761 quem
455 3714 560 3770 errorem
574 3701 700 3762 saepissime
732 3699 807 3749 vind.
818 3701 850 3748 V.
861 3701 897 3750 ed.
910 3702 948 3750 Μ.
962 3703 993 3751 0.
1005 3713 1039 3752 11.
1049 3709 1076 3753 Σ.
1087 3713 1121 3752 Ω.
1133 3712 1156 3750 et
1167 3705 1200 3752 ita
1210 3721 1281 3766 spon·

147 3772 174 3821 in
195 3775 296 3824 librariis
317 3777 465 3826 Lucretianis
481 3778 576 3839 experti
600 3795 695 3828 sumus:
731 3777 924 3840 teconjeceram:
944 3779 1119 3842 namquaside
1135 3797 1278 3842 novoargu·

146 3849 202 3898 vids
210 3867 271 3900 serr.
282 3857 338 3901 611.
348 3857 471 3902 674870.
485 3863 510 3902 et
519 3853 577 3904 alibi
587 3856 698 3918 plusviee
730 3865 839 3904 mentum
855 3857 966 3918 exordiri,
984 3857 1101 3920 majorem
1111 3859 1182 3905 habet
1200 3857 1278 3904 effica-

146 3927 257 3990 sinrplici.
290 3931 332 3978 Sic
348 3931 453 3995 negandi
470 3935 586 3994 particula
600 3937 697 4000 quibua-
729 3933 1212 3998 ciam‚ctspeciemacerbiusinsultantis.
1229 3933 1279 3981 Re·

145 4005 206 4064 dam
223 4005 289 4055 libris
305 4009 380 4070 deest,
397 4010 429 4059 ad
445 4011 496 4062 Liv.
508 4029 560 4062 xxv.
572 4020 611 4064 26.
623 4021 645 4066 7.
660 4017 695 4064 le.
728 4009 955 4075 liquaexemplsria,
975 4013 1008 4062 Et
1025 4015 1277 4074 petrammala-

143 4083 258 4149 gentibus
272 4089 401 4149 toleranda,
417 4105 461 4152 pro
476 4095 629 4144 intoleranda.
663 4095 695 4143 In
726 4091 781 4139 leis:
802 4101 833 4138 n.
843 4093 955 4140 mortalis.

142 4165 190 4212 boc
200 4173 283 4212 sutem
295 4167 350 4215 Cari
367 4169 420 4218 loco
437 4170 493 4220 inde
509 4171 602 4221 facilius
611 4189 693 4236 pecca.
758 4168 815 4217 Ver.
828 4173 883 4218 780.
894 4175 1110 4232 paaepaoperaarar:
1130 4163 1202 4212 vind.
1210 4181 1275 4228 proe-

142 4249 196 4291 tum
207 4251 250 4302 est,
268 4261 344 4312 quum
355 4247 426 4297 finale
439 4250 585 4300 elementum
597 4273 626 4302 au
637 4255 692 4316 jam
721 4255 891 4308 imminuti
909 4247 938 4295 P·
954 4261 993 4294 θα*
1007 4251 1172 4306 ΡΥΟΡΜΜΘΠ
1190 4241 1221 4292 V·
1238 4245 1277 4294 ‘d-

140 4323 283 4384 absorpsisse
294 4326 367 4388 possit
377 4327 491 4389 syllabam
501 4334 527 4379 in
538 4313 645 4380 vocabuli
656 4350 692 4381 se·
720 4333 886 4386 prtllerflsslur·

142 4399 245 4461 quentis.
289 4403 352 4450 Sane
373 4403 501 4453 tolerabilis
528 4417 563 4456 est
584 4409 693 4458 codicum
757 4414 815 4462 Ver.
827 4413 1070 4478 782.soedera1ucta;
1088 4411 1212 4478 Virgilius,
1223 4429 1279 4478 geo.

140 4473 217 4532 lectio,
240 4478 260 4525 si
282 4488 387 4528 montem
409 4483 485 4544 po'esstae
506 4484 540 4532 sic
560 4487 689 4548 concipias:
726 4489 756 4538 iv.
769 4495 823 4538 158.

684 4579 724 4626 12
