2930 4972
480 423 659 501 LIBER
685 421 976 512 QUARTUS.
1221 433 1301 498 ase·

277 627 367 718 Ergo
381 647 484 693 semus
498 625 575 704 abit,
598 624 723 690 mutatis
737 624 885 703 motibus,
907 624 977 689 alte.

278 741 333 820 Et,
356 740 503 828 quoniam
517 758 583 801 non
597 749 655 814 est,
677 737 765 822 quasi
779 737 865 823 quod
879 735 1149 813 subtracturus,

277 851 392 918 Debile
406 850 443 915 fit
457 869 582 934 corpus,
603 847 867 935 languescuntque
881 848 987 912 omnia
1000 846 1157 924 membra;

194 969 258 1033 950
280 963 427 1040 Brachia,
449 959 679 1047 palpebraeque,
695 959 825 1036 cadunt3
848 960 1040 1045 poplitesque
1053 959 1183 1024 cubanti

282 1076 373 1160 Saepe
387 1072 471 1137 tamir
486 1070 721 1150 submittrmtur,
742 1071 884 1156 viresque
897 1071 1062 1136 resoluunt.

322 1184 461 1263 Deinde,
484 1183 589 1248 cibum
603 1185 742 1271 sequitur
755 1205 892 1260 somnus,
915 1183 999 1268 quia,
1022 1205 1093 1270 quae
1107 1183 1179 1250 facil
1192 1183 1258 1260 a'e‘r,

282 1297 368 1363 Haec
382 1297 491 1362 eadem
506 1297 604 1375 cibus,
626 1297 661 1360 in
675 1317 768 1361 venas
782 1295 859 1370 dum
873 1295 991 1361 diditur
1005 1296 1135 1373 omneis,

284 1409 408 1474 Ecficit:
432 1421 463 1475 et
476 1409 575 1476 multo
589 1432 683 1496 sopor
696 1410 747 1476 ille
759 1411 967 1500 gravissumus
981 1419 1093 1485 exstat,

206 1645 263 1695 Ver.
277 1649 332 1697 951.
348 1645 439 1694 Versus
449 1645 514 1695 deest
523 1644 599 1696 Viud.
611 1652 638 1696 Δ.
651 1657 683 1696 Π.
694 1655 722 1699 Σ.
754 1663 854 1712 gmmm.
864 1647 880 1695 i.
891 1653 930 1696 43.
944 1655 1006 1696 recte
1016 1653 1098 1695 contra
1108 1643 1235 1694 nonnullbs
1245 1658 1302 1694 con-

172 1721 287 1773 ·-tamd.·
305 1723 368 1780 libri.
382 1732 470 1780 tamem
488 1722 573 1772 aedita
582 1725 663 1772 locum
673 1724 723 1772 exi·
755 1727 839 1788 tendit,
856 1730 902 1776 hoc
921 1730 1019 1776 verbum
1041 1735 1065 1774 et
1082 1725 1169 1774 similia
1192 1725 1225 1772 sic
1246 1725 1302 1772 scri-

172 1801 224 1850 rnii
250 1817 307 1850 cum
334 1801 460 1866 sagacitate
490 1799 590 1850 Vossius
615 1802 724 1850 restituit.
755 1805 905 1862 bandaesse3
920 1812 1147 1859 nouantemastat.
1180 1801 1304 1848 Nimirum

174 1885 195 1910 ⁴‘
208 1881 333 1928 Cubuatem
354 1887 442 1926 tamam
463 1876 545 1938 dicit‚’'
572 1877 678 1939 praeclari
698 1894 724 1926 a·
755 1880 846 1942 Latini,
856 1881 1052 1937 sicutiabetnbr,
1063 1879 1303 1935 dietdr's‚obetubr‚

173 1957 320 2007 mandatoris
335 1957 411 2005 verbis
425 1965 490 2017 utor,
507 1963 525 1987 “
538 1957 603 2020 quod
613 1957 725 2006 daomm
756 1961 797 2008 stab
813 1967 838 2006 et
855 1961 916 2018 nubs,
936 1957 1023 2020 pamim
1039 1957 1183 2017 usurpabant
1188 1973 1196 2013 ;
1212 1952 1246 2002 ita
1255 1968 1306 2001 non

175 2035 235 2085 “ad
253 2036 325 2098 pedes
343 2034 435 2084 tendat:
455 2035 489 2083 sic
509 2051 589 2098 supra,
608 2051 655 2085 ver.
670 2039 724 2086 520.
757 2036 878 2085 minusca
894 2045 979 2095 steca,
995 2035 1033 2082 vel
1048 2052 1089 2083 aa:
1111 2033 1175 2097 quod
1191 2030 1305 2092 exemplis

174 2117 314 2164 “cubantia
331 2124 398 2164 tecta.
434 2116 508 2162 Tama
525 2113 583 2178 quid
598 2113 638 2174 ait,
658 2113 727 2162 docet
757 2113 1010 2163 innumerabilibusad
1025 2112 1152 2176 liquidum,
1169 2109 1304 2172 sipostulrr

174 2197 193 2224 ‘¹
207 2193 314 2241 Festus.”
348 2193 388 2240 Ita
403 2191 490 2240 scilicet
505 2203 573 2240 vetus
586 2192 725 2256 grammati·
757 2201 794 2241 ret
814 2209 861 2250 rea,
882 2193 979 2255 perduci
995 2200 1078 2254 posset
1110 2192 1200 2239 Errant
1219 2187 1307 2250 paaim

175 2285 229 2318 cus:
249 2273 267 2298 “
283 2271 357 2317 Tama
379 2267 473 2327 dicim,
502 2281 559 2316 cum
580 2269 659 2317 labora
682 2269 727 2316 vie
760 2273 901 2320 Graecorum
910 2271 1051 2330 scriptorum
1066 2269 1174 2325 editores,
1190 2268 1306 2332 quium·

180 2349 199 2375 “
210 2344 308 2406 sanguis
318 2344 344 2390 in
356 2358 425 2391 crura
435 2343 564 2404 descendit,
574 2356 598 2393 et
607 2355 727 2394 tumorem
758 2367 831 2408 emsa,
848 2357 873 2396 et
888 2347 1021 2396 oondmilia
1035 2346 1157 2405 vocabula,
1176 2359 1233 2393 cum
1248 2344 1306 2392 sim-

175 2421 286 2470 ‘⁴facit.'’
310 2422 368 2469 Non
378 2430 471 2470 certum
481 2431 516 2470 est
527 2439 609 2471 vocem
619 2424 676 2472 alibi
686 2439 727 2474 oc·
758 2425 818 2488 plica
837 2425 914 2488 sigma
931 2431 1034 2487 pergunt
1050 2424 1164 2471 exhibere.
1198 2423 1266 2470 Hinc
1280 2437 1305 2470 e-
1364 2479 1366 2492 A

176 2513 281 2546 currere:
299 2497 360 2546 adeo
371 2499 433 2546 utin
444 2498 510 2547 tanti
519 2499 645 2549 insolentiis
654 2501 727 2548 mini-
758 2503 817 2552 tiam
827 2503 980 2551 manifestum
995 2509 1039 2560 est,
1055 2499 1166 2548 nonnihil
1177 2499 1230 2548 falli
1242 2501 1306 2548 Can-

175 2591 217 2624 me
233 2577 330 2633 mirum,
350 2577 499 2638 depravatam
518 2577 586 2627 nobis
603 2593 645 2641 per
654 2579 725 2628 libra·
758 2589 846 2640 terum,
864 2579 975 2628 ammius
984 2593 1038 2626 raro
1047 2577 1134 2634 vuum,
1154 2585 1177 2625 et
1193 2592 1243 2624 non
1254 2576 1307 2624 vul·

175 2655 270 2703 tiorum
278 2653 637 2706 mansuetem-caari.
758 2660 846 2724 pariter
866 2657 996 2718 emnium,
1013 2657 1040 2704 in
1062 2656 1124 2704 notis
1145 2656 1177 2704 ad
1200 2655 1307 2705 Ciceron.

209 2735 271 2784 lbid.
292 2740 395 2800 vitaque
422 2739 543 2786 resoluunt.
576 2736 728 2786 Intransitive
759 2736 825 2798 epist
844 2734 950 2783 famuli.
963 2740 1001 2782 18.
1017 2733 1086 2797 cujus
1103 2742 1183 2782 nmen
1202 2733 1252 2793 ipse
1265 2733 1307 2796 ju·

176 2813 270 2862 dictum
281 2823 315 2862 est
325 2830 392 2862 more
402 2811 617 2872 Lucretianissimc,
637 2830 680 2876 pro
689 2832 726 2864 rc·
758 2813 821 2862 dicio
831 2811 978 2861 subscribens
987 2811 1013 2859 in
1021 2811 1133 2860 Lucretio
1143 2809 1241 2858 mallem
1251 2825 1306 2858 exa-

176 2893 305 2950 sumatur,
317 2891 354 2938 vel
364 2907 390 2939 se
400 2891 508 2940 solvunt:
527 2892 597 2940 aliter
606 2900 727 2939 consuun-
757 2899 837 2938 ratum
846 2899 927 2948 restat,
943 2891 1027 2944 cecilio,
1038 2891 1129 2946 resista·
1146 2903 1174 2935 ac
1184 2887 1271 2950 pariter
1281 2886 1307 2934 in

175 2967 211 3015 tic
230 2967 276 3016 loci
294 2967 356 3015 foret
376 2971 517 3028 perturbata.
550 2969 629 3017 Miror
645 2984 725 3016 exem·
758 2967 882 3016 similibus:
901 2983 955 3030 qua
965 2965 1093 3027 disputatio
1108 2981 1189 3014 vereor
1203 2981 1306 3015 nenon·

175 3044 246 3106 plum
261 3044 338 3092 simila
355 3045 498 3094 Plautinum
515 3047 629 3096 Bentleio
644 3047 725 3110 displi-
757 3045 831 3094 nullis
846 3043 943 3093 difficile
968 3043 1076 3107 nugandi
1093 3059 1170 3106 genus
1188 3042 1308 3102 viduatum

168 3121 259 3178 ,coisse
271 3121 380 3182 Amphit.
390 3122 415 3170 ii.
430 3128 452 3171 2.
464 3127 504 3171 73.
758 3123 828 3172 nobis
837 3122 901 3182 licet,
913 3123 1005 3170 diversa
1014 3122 1177 3180 sentientibus,
1188 3119 1256 3168 nulla
1266 3136 1306 3168 ve-

758 3201 823 3262 ritas,
835 3202 907 3250 etiam
917 3201 944 3248 in
960 3201 999 3248 his
1008 3200 1043 3247 rei
1055 3199 1143 3246 criticae
1153 3197 1305 3256 tenuissimis,

258 3339 264 3350 ι
758 3278 796 3326 vel
806 3287 938 3340 spernatur,
948 3276 986 3324 vel
996 3275 1075 3336 sperni
1084 3275 1163 3336 possit.

176 3355 236 3428 Ψ
257 3355 283 3386 ¹¹¹
306 3342 414 3430 ΜΨ
436 3343 584 3433 “emphfisg
605 3343 727 3434 {¹¹⁰an
791 3368 848 3417 Ver.
861 3373 916 3419 955.
932 3371 1013 3430 cupias
1031 3367 1096 3415 deest
1114 3368 1255 3428 rte-quim
1273 3367 1307 3414 V.

175 3433 223 3474 sin,
237 3432 309 3478 penes
319 3433 367 3478 me,
383 3434 419 3466 vir
428 3435 530 3484 magnus
540 3431 632 3484 scripsit
645 3421 727 3486 legen.
758 3449 795 3498 “L
807 3452 856 3512 qm..

177 3497 248 3587 dum,
264 3498 302 3546 vel
315 3501 513 3590 rein-solans‚·vel
528 3505 644 3552 resolvas:
662 3502 727 3592 quod
792 3540 847 3588 Ver·
865 3543 918 3590 956.
935 3552 1044 3590 comm:
1066 3538 1165 3602 quidm
1183 3537 1246 3587 male
1263 3553 1306 3586 vo.

177 3591 201 3622 er
218 3591 267 3624 non
287 3585 406 3626 assentur.
440 3578 508 3626 Hinc
531 3579 612 3627 nullus
635 3579 726 3638 dubito,

178 3733 726 3791 “Resotw.snnrro1,mn1snrarar.”
775 3775 801 3823 ul
801 3776 857 3823 chre
877 3784 929 3822 mn
930 3783 952 3822 st
951 3774 997 3822 ulit
1016 3775 1048 3823 ad
1089 3785 1127 3824 m
1182 3772 1226 3819 W
1244 3770 1269 3817 ‘li

178 3807 270 3872 vulgo,
289 3820 374 3871 sutoro,
394 3811 551 3863 nacturum
584 3813 677 3864 Partim
687 3831 726 3863 ve·
759 3791 831 3904 {mu
840 3855 1030 3918 germanissimo,
1041 3793 1092 3920 gel:
1104 3791 1200 3901 ἔξω.
1226 3785 1251 3833 gl
1270 3785 1305 3826 m*

178 3901 235 3934 rum
245 3886 304 3936 vidit
313 3889 512 3941 Vulcanus-In
523 3902 641 3957 sequente,
649 3894 681 3943 V.
689 3893 726 3943 ed.

179 3981 247 4028 ’φ’
260 3982 305 4028 9¹⁰
314 3984 373 4029 lm·
769 3997 898 4045 arsurosque
905 3996 988 4043 animos,
995 3999 1017 4036 et
1024 4003 1054 4034 ras
1060 3988 1292 4032 mnamaerractasm

212 4041 270 4091 Ver.
282 4049 336 4093 955.
354 4049 410 4094 Huc
433 4051 513 4097 eudem
536 4051 600 4100 cibus
624 4053 741 4118 Ecficr'ts·

178 4133 276 4180 nempe,
286 4119 399 4169 inferiora
411 4125 517 4188 corporis
528 4126 604 4190 plagis
613 4135 689 4176 versat
703 4136 728 4175 et
759 4128 852 4177 Eadem
873 4143 919 4176 vor
934 4125 1069 4188 reponenda
1084 4122 1176 4171 ridetur
1198 4121 1225 4168 in
1243 4119 1305 4184 epig.

179 4193 305 4260 defatigem
322 4200 387 4248 unde
397 4204 544 4252 conturbatio
558 4204 728 4267 principiorum
759 4211 814 4256 249.
830 4206 870 4254 lib.
881 4205 905 4254 ii.
917 4204 1016 4253 Anthol
1027 4203 1079 4250 Lat
1090 4203 1174 4248 Burm.
1190 4215 1239 4264 quo
1254 4199 1306 4247 lau-

178 4282 204 4322 et
216 4274 303 4324 amma
319 4277 439 4328 distractio
458 4284 727 4346 consequuntur.-Coe-
758 4284 807 4332 tius
817 4283 934 4332 faculam
946 4281 1113 4343 delicatiusque
1127 4281 1157 4328 ab
1168 4277 1307 4342 antiquitate

179 4356 267 4412 terum,
278 4351 328 4402 vice
338 4357 403 4416 dum,
416 4367 451 4406 Ω.
464 4376 523 4408 cum.
758 4361 853 4422 puriora
871 4361 985 4409 traditum
1002 4375 1051 4407 non
1070 4357 1215 4420 accepimus:
1236 4363 1307 4415 atque

222 4428 279 4479 vir.
302 4435 357 4482 954.
382 4441 461 4484 eruas.
495 4435 601 4495 vossius,
630 4438 657 4486 sn
683 4445 725 4488 art
759 4437 826 4499 uso,
847 4438 999 4503 siniegm
1016 4445 1153 4500 apponatur,
1173 4445 1197 4486 et
1215 4431 1306 4496 pooss-

195 3235 202 3258 0
249 3231 614 3287 slobrequarnuntresolvasplngd:
