2976 4984
267 673 270 689 ¹
288 661 461 742 Carmine
476 659 536 738 vel
552 641 672 752 verso',
689 656 877 760 nec-opiui
894 658 1007 735 eorda
1022 658 1182 760 legentis

336 809 536 886 Subridens
553 808 658 884 tenui
679 807 832 908 cuspide
848 805 930 882 fixit
946 807 1051 884 acus:

287 957 503 1036 Reclusitve
520 983 641 1034 sacros
657 957 800 1048 latices,
816 967 1004 1058 praecepta
1021 955 1180 1034 canendi

335 1107 433 1182 Prua
447 1113 640 1207 poetarum
657 1107 813 1182 duceret
828 1105 930 1182 surde
948 1104 1093 1180 chorus.

287 1253 325 1330 Si
342 1253 424 1344 tibi,
442 1253 656 1330 Maerens!
683 1251 714 1326 si
729 1252 792 1327 lex
809 1261 948 1326 aeterua
966 1250 1071 1350 refigi

337 1402 480 1493 Posset,
497 1413 540 1480 ut
557 1427 579 1478 a
596 1399 733 1506 Stygiis
750 1399 998 1498 regredereris
1015 1397 1137 1497 aquis;

287 1550 384 1638 Quae
401 1574 554 1650 magnos
571 1547 659 1624 olim
675 1547 860 1624 refoveret
878 1571 967 1623 eura
983 1553 1125 1647 poetas,

338 1699 414 1787 Qui
432 1699 620 1773 Funccurr
638 1697 847 1797 adspiceret
858 1695 1153 1794 Vrucrmuuque
1169 1692 1286 1784 favor,
1379 1772 1383 1780 ,

215 1831 218 1840 ’
288 1846 499 1924 Scribarum
515 1846 581 1921 hos
598 1845 697 1944 ipsos
713 1845 918 1945 polientem
936 1844 1101 1942 aerugine
1118 1843 1256 1920 tinctos
1273 1891 1276 1898 ·

339 1993 570 2095 Exciperent
586 1960 698 2071 hodie
716 2017 806 2070 cura
821 1993 999 2094 favorque
1015 2015 1134 2094 pares.

291 2127 712 2240 Donaspetqucutinam
731 2142 817 2222 eoeli
832 2141 1067 2242 indulgentia
1084 2141 1160 2221 sole

343 2289 439 2372 Tam
455 2289 577 2368 fausto
593 2291 681 2370 vitae
697 2289 812 2370 limen
828 2289 922 2372 inire
939 2289 1044 2371 mihi!

293 2435 408 2547 Nulla
423 2438 597 2544 fatigarat
613 2449 837 2538 noctemque
855 2437 1028 2536 diemque
1045 2435 1178 2520 miselli

340 2589 506 2665 Pectoris
522 2590 562 2670 iu
577 2589 708 2668 surdos
719 2588 823 2688 jacta
839 2586 990 2689 querela
1005 2598 1125 2666 news.

293 2737 382 2812 Nou
398 2737 529 2813 tritum
543 2737 686 2814 studiis.
695 2736 893 2835 doctisque
901 2735 1091 2818 laboribus
1106 2757 1246 2812 aunum

345 2883 496 2981 Frigida
512 2882 668 2962 lactaret
683 2881 777 2974 laus,
794 2895 834 2960 et
849 2882 969 2964 inanis
984 2884 1114 2964 bonor.

297 3031 395 3134 Cum
411 3033 704 3131 quibusinterea
720 3031 909 3112 sceleratae
927 3032 1104 3138 eosvenit
1120 3031 1229 3122 eulae,

347 3177 451 3266 Quos
467 3179 556 3258 belli
572 3181 691 3258 rabies
708 3179 992 3281 sauguinolenta
1001 3180 1127 3280 juven

298 3328 405 3416 Quos
421 3327 582 3408 immane
593 3317 718 3418 ,nesea
732 3326 836 3408 furor
854 3339 893 3406 et
908 3327 1171 3429 lymphaticus,
1189 3329 1266 3430 egit
1273 3358 1337 3421 3-

347 3475 502 3557 Premis
519 3475 646 3558 servili,
662 3475 876 3562 conditione
893 3487 1056 3582 manent
1446 3457 1448 3466 X

297 3623 402 3702 Feda
415 3622 651 3729 Superstitio,
668 3623 877 3722 sincerique
892 3623 1009 3704 inscia
1026 3623 1162 3714 cultus,
1280 3637 1282 3644 '

349 3771 421 3846 Cui
437 3770 588 3870 pariunt
602 3769 755 3856 dubiam
771 3793 955 3871 poenaque
972 3797 1151 3872 merxque
1168 3771 1293 3864 fidem,

301 3921 397 4010 Quae
414 3919 552 4001 subicit
564 3917 721 4010 Christi,
736 3913 863 4001 *solidis
879 3919 1089 4012 adamante,
1107 3920 1290 3998 columnis

350 4067 528 4144 Ridicula
544 4058 715 4169 fragilem
731 4069 1107 4176 sedrrlitate‘trabem3
1199 4115 1201 4120 ·

289 4215 469 4294 Asseclis
481 4217 640 4316 pingues
657 4217 885 4298 inhiantibus
898 4185 1039 4317 ingerit
1056 4217 1157 4311 offas,

354 4363 470 4482 Queis
486 4363 597 4442 facile
614 4375 672 4444 est
687 4365 875 4456 homiuem
890 4367 1132 4470 praeposuisse
1149 4364 1250 4444 Duo.
