<?xml version="1.0" encoding="UTF-8"?>
<!DOCTYPE html PUBLIC "-//W3C//DTD XHTML 1.0 Transitional//EN"
    "http://www.w3.org/TR/xhtml1/DTD/xhtml1-transitional.dtd">
<html xmlns="http://www.w3.org/1999/xhtml" xml:lang="en" lang="en">
 <head>
  <title>
</title>
<meta http-equiv="Content-Type" content="text/html;charset=utf-8" />
  <meta name='ocr-system' content='tesseract 3.04.00' />
  <meta name='ocr-capabilities' content='ocr_page ocr_carea ocr_par ocr_line ocrx_word'/>
</head>
<body>
  <div class='ocr_page' id='page_1' title='image "./tlucretiicaride04bentgoog_0274.png"; bbox 0 0 2944 4984; ppageno 0'>
   <div class='ocr_carea' id='block_1_1' title="bbox 461 398 1273 489">
    <p class='ocr_par' dir='ltr' id='par_1_1' title="bbox 461 398 1273 489">
     <span class='ocr_line' id='line_1_1' title="bbox 461 398 1273 489; baseline 0 -10"><span class='ocrx_word' id='word_1_1' title='bbox 461 399 639 479; x_wconf 86' lang='lat' dir='ltr'><strong>LIBER</strong></span> <span class='ocrx_word' id='word_1_2' title='bbox 673 398 966 489; x_wconf 86' lang='lat' dir='ltr'><strong>QUARTUS.</strong></span> <span class='ocrx_word' id='word_1_3' title='bbox 1200 415 1273 480; x_wconf 74' lang='lat'><strong>2⁵5</strong></span> 
     </span>
    </p>
   </div>
   <div class='ocr_carea' id='block_1_2' title="bbox 137 601 1277 1364">
    <p class='ocr_par' dir='ltr' id='par_1_2' title="bbox 142 601 1277 806">
     <span class='ocr_line' id='line_1_2' title="bbox 229 601 1277 691; baseline 0.002 -20"><span class='ocrx_word' id='word_1_4' title='bbox 229 606 336 683; x_wconf 81' lang='lat' dir='ltr'><strong>Quem</strong></span> <span class='ocrx_word' id='word_1_5' title='bbox 342 602 508 688; x_wconf 83' lang='lat' dir='ltr'><strong>speculum:</strong></span> <span class='ocrx_word' id='word_1_6' title='bbox 521 602 589 680; x_wconf 86' lang='lat' dir='ltr'><strong>sed,</strong></span> <span class='ocrx_word' id='word_1_7' title='bbox 600 601 655 666; x_wconf 93' lang='lat' dir='ltr'><strong>ubi</strong></span> <span class='ocrx_word' id='word_1_8' title='bbox 665 601 698 665; x_wconf 91' lang='lat' dir='ltr'><strong>in</strong></span> <span class='ocrx_word' id='word_1_9' title='bbox 707 601 866 686; x_wconf 86' lang='lat' dir='ltr'><strong>specubnn</strong></span> <span class='ocrx_word' id='word_1_10' title='bbox 871 621 997 689; x_wconf 89' lang='lat' dir='ltr'><strong>quoque</strong></span> <span class='ocrx_word' id='word_1_11' title='bbox 1004 602 1153 670; x_wconf 86' lang='lat' dir='ltr'><strong>sensimus</strong></span> <span class='ocrx_word' id='word_1_12' title='bbox 1159 603 1277 691; x_wconf 85' lang='lat' dir='ltr'><strong>ipsum,</strong></span> 
     </span>
     <span class='ocr_line' id='line_1_3' title="bbox 142 713 1024 806; baseline -0.001 -25"><span class='ocrx_word' id='word_1_13' title='bbox 142 724 206 783; x_wconf 74' lang='lat'><strong>285</strong></span> <span class='ocrx_word' id='word_1_14' title='bbox 231 718 402 795; x_wconf 84' lang='lat' dir='ltr'>Continuo,</span> <span class='ocrx_word' id='word_1_15' title='bbox 418 741 438 782; x_wconf 89' lang='lat' dir='ltr'><strong>a</strong></span> <span class='ocrx_word' id='word_1_16' title='bbox 451 715 543 780; x_wconf 88' lang='lat' dir='ltr'><strong>nobis</strong></span> <span class='ocrx_word' id='word_1_17' title='bbox 556 715 591 780; x_wconf 89' lang='lat' dir='ltr'><strong>in</strong></span> <span class='ocrx_word' id='word_1_18' title='bbox 605 735 691 794; x_wconf 87' lang='lat' dir='ltr'><strong>eum,</strong></span> <span class='ocrx_word' id='word_1_19' title='bbox 707 737 779 800; x_wconf 78' lang='lat' dir='ltr'><strong>quse</strong></span> <span class='ocrx_word' id='word_1_20' title='bbox 792 713 902 794; x_wconf 87' lang='lat' dir='ltr'><strong>fertur,</strong></span> <span class='ocrx_word' id='word_1_21' title='bbox 918 715 1024 806; x_wconf 81' lang='lat' dir='ltr'><strong>imago</strong></span> 
     </span>
    </p>

    <p class='ocr_par' dir='ltr' id='par_1_3' title="bbox 230 828 960 913">
     <span class='ocr_line' id='line_1_4' title="bbox 230 828 960 913; baseline -0.001 -19"><span class='ocrx_word' id='word_1_22' title='bbox 230 830 387 908; x_wconf 71' lang='lat' dir='ltr'><strong>Pervenit,</strong></span> <span class='ocrx_word' id='word_1_23' title='bbox 405 851 442 894; x_wconf 87' lang='lat' dir='ltr'><strong>ec</strong></span> <span class='ocrx_word' id='word_1_24' title='bbox 456 841 580 894; x_wconf 89' lang='lat' dir='ltr'><strong>nostros</strong></span> <span class='ocrx_word' id='word_1_25' title='bbox 594 828 701 898; x_wconf 86' lang='lat' dir='ltr'><strong>oeulos</strong></span> <span class='ocrx_word' id='word_1_26' title='bbox 715 829 829 913; x_wconf 83' lang='lat' dir='ltr'><strong>rejecta</strong></span> <span class='ocrx_word' id='word_1_27' title='bbox 842 828 960 894; x_wconf 76' lang='lat' dir='ltr'><strong>revisit:</strong></span> 
     </span>
    </p>

    <p class='ocr_par' dir='ltr' id='par_1_4' title="bbox 227 939 969 1030">
     <span class='ocr_line' id='line_1_5' title="bbox 227 939 969 1030; baseline -0.005 -23"><span class='ocrx_word' id='word_1_28' title='bbox 227 942 334 1028; x_wconf 85' lang='lat' dir='ltr'>Atque</span> <span class='ocrx_word' id='word_1_29' title='bbox 347 941 443 1006; x_wconf 84' lang='lat' dir='ltr'><strong>alium</strong></span> <span class='ocrx_word' id='word_1_30' title='bbox 456 963 526 1028; x_wconf 83' lang='lat' dir='ltr'><strong>pne</strong></span> <span class='ocrx_word' id='word_1_31' title='bbox 539 961 571 1005; x_wconf 87' lang='lat' dir='ltr'><strong>se</strong></span> <span class='ocrx_word' id='word_1_32' title='bbox 585 939 761 1027; x_wconf 84' lang='lat' dir='ltr'>propellens</span> <span class='ocrx_word' id='word_1_33' title='bbox 775 942 849 1030; x_wconf 68' lang='lat' dir='ltr'><strong>ebra</strong></span> <span class='ocrx_word' id='word_1_34' title='bbox 862 940 969 1020; x_wconf 84' lang='lat' dir='ltr'><strong>volvit,</strong></span> 
     </span>
    </p>

    <p class='ocr_par' dir='ltr' id='par_1_5' title="bbox 225 1051 1113 1141">
     <span class='ocr_line' id='line_1_6' title="bbox 225 1051 1113 1141; baseline -0.002 -21"><span class='ocrx_word' id='word_1_35' title='bbox 225 1052 269 1120; x_wconf 87' lang='lat' dir='ltr'><strong>Et</strong></span> <span class='ocrx_word' id='word_1_36' title='bbox 282 1052 367 1132; x_wconf 84' lang='lat' dir='ltr'><strong>fecit,</strong></span> <span class='ocrx_word' id='word_1_37' title='bbox 383 1065 420 1120; x_wconf 91' lang='lat' dir='ltr'><strong>ut</strong></span> <span class='ocrx_word' id='word_1_38' title='bbox 432 1055 520 1140; x_wconf 89' lang='lat' dir='ltr'><strong>prius</strong></span> <span class='ocrx_word' id='word_1_39' title='bbox 533 1053 631 1133; x_wconf 91' lang='lat' dir='ltr'><strong>hunc,</strong></span> <span class='ocrx_word' id='word_1_40' title='bbox 647 1073 742 1140; x_wconf 85' lang='lat' dir='ltr'><strong>quam</strong></span> <span class='ocrx_word' id='word_1_41' title='bbox 758 1075 802 1131; x_wconf 89' lang='lat' dir='ltr'><strong>se,</strong></span> <span class='ocrx_word' id='word_1_42' title='bbox 818 1051 993 1138; x_wconf 71' lang='lat' dir='ltr'><strong>videamus:</strong></span> <span class='ocrx_word' id='word_1_43' title='bbox 1012 1075 1113 1141; x_wconf 88' lang='lat' dir='ltr'><strong>eoque</strong></span> 
     </span>
    </p>

    <p class='ocr_par' dir='ltr' id='par_1_6' title="bbox 137 1144 1120 1364">
     <span class='ocr_line' id='line_1_7' title="bbox 225 1144 945 1251; baseline -0.001 -21"><span class='ocrx_word' id='word_1_44' title='bbox 225 1164 354 1230; x_wconf 86' lang='lat' dir='ltr'><strong>Distere</strong></span> <span class='ocrx_word' id='word_1_45' title='bbox 368 1189 388 1230; x_wconf 86' lang='lat' dir='ltr'><strong>a</strong></span> <span class='ocrx_word' id='word_1_46' title='bbox 402 1165 527 1251; x_wconf 90' lang='lat' dir='ltr'><strong>speculo</strong></span> <span class='ocrx_word' id='word_1_47' title='bbox 540 1144 664 1232; x_wconf 78' lang='lat' dir='ltr'><strong>tannim</strong></span> <span class='ocrx_word' id='word_1_48' title='bbox 679 1176 798 1230; x_wconf 88' lang='lat' dir='ltr'><strong>semota</strong></span> <span class='ocrx_word' id='word_1_49' title='bbox 810 1164 945 1230; x_wconf 88' lang='lat' dir='ltr'><strong>videtur.</strong></span> 
     </span>
     <span class='ocr_line' id='line_1_8' title="bbox 137 1276 1120 1364; baseline 0.002 -24"><span class='ocrx_word' id='word_1_50' title='bbox 137 1282 203 1342; x_wconf 72' lang='lat'><strong>290</strong></span> <span class='ocrx_word' id='word_1_51' title='bbox 227 1276 301 1354; x_wconf 76' lang='lat' dir='ltr'><strong>Qut</strong></span> <span class='ocrx_word' id='word_1_52' title='bbox 316 1300 351 1342; x_wconf 89' lang='lat' dir='ltr'><strong>re</strong></span> <span class='ocrx_word' id='word_1_53' title='bbox 365 1278 460 1342; x_wconf 83' lang='lat' dir='ltr'><strong>etiem</strong></span> <span class='ocrx_word' id='word_1_54' title='bbox 474 1289 567 1364; x_wconf 88' lang='lat' dir='ltr'><strong>atquc</strong></span> <span class='ocrx_word' id='word_1_55' title='bbox 581 1278 676 1344; x_wconf 85' lang='lat' dir='ltr'><strong>etiam</strong></span> <span class='ocrx_word' id='word_1_56' title='bbox 689 1278 831 1342; x_wconf 89' lang='lat' dir='ltr'><strong>minume</strong></span> <span class='ocrx_word' id='word_1_57' title='bbox 846 1277 989 1342; x_wconf 79' lang='lat' dir='ltr'><strong>mirarier</strong></span> <span class='ocrx_word' id='word_1_58' title='bbox 1002 1289 1048 1342; x_wconf 87' lang='lat' dir='ltr'><strong>est</strong></span> <span class='ocrx_word' id='word_1_59' title='bbox 1062 1301 1120 1364; x_wconf 83' lang='lat' dir='ltr'><strong>par</strong></span> 
     </span>
    </p>
   </div>
   <div class='ocr_carea' id='block_1_3' title="bbox 137 1515 1324 4557">
    <p class='ocr_par' dir='ltr' id='par_1_7' title="bbox 137 1515 1280 2288">
     <span class='ocr_line' id='line_1_9' title="bbox 173 1515 1277 1582; baseline 0.004 -19"><span class='ocrx_word' id='word_1_60' title='bbox 173 1515 231 1564; x_wconf 81' lang='lat' dir='ltr'><strong>Ver.</strong></span> <span class='ocrx_word' id='word_1_61' title='bbox 249 1519 303 1564; x_wconf 79' lang='lat'><strong>284.</strong></span> <span class='ocrx_word' id='word_1_62' title='bbox 322 1517 349 1565; x_wconf 82' lang='lat' dir='ltr'><strong>in</strong></span> <span class='ocrx_word' id='word_1_63' title='bbox 369 1515 520 1578; x_wconf 86' lang='lat' dir='ltr'><strong>particulam,</strong></span> <span class='ocrx_word' id='word_1_64' title='bbox 543 1531 617 1582; x_wconf 84' lang='lat' dir='ltr'><strong>quam</strong></span> <span class='ocrx_word' id='word_1_65' title='bbox 637 1517 694 1567; x_wconf 85' lang='lat' dir='ltr'><strong>libri</strong></span> <span class='ocrx_word' id='word_1_66' title='bbox 725 1526 830 1567; x_wconf 88' lang='lat' dir='ltr'><strong>nostram</strong></span> <span class='ocrx_word' id='word_1_67' title='bbox 847 1516 989 1581; x_wconf 83' lang='lat' dir='ltr'><strong>imaginem,</strong></span> <span class='ocrx_word' id='word_1_68' title='bbox 1011 1532 1066 1580; x_wconf 84' lang='lat' dir='ltr'><strong>quae</strong></span> <span class='ocrx_word' id='word_1_69' title='bbox 1085 1515 1186 1564; x_wconf 84' lang='lat' dir='ltr'><strong>vicissim</strong></span> <span class='ocrx_word' id='word_1_70' title='bbox 1205 1531 1277 1567; x_wconf 87' lang='lat' dir='ltr'><strong>suum</strong></span> 
     </span>
     <span class='ocr_line' id='line_1_10' title="bbox 137 1594 1278 1660; baseline 0.001 -17"><span class='ocrx_word' id='word_1_71' title='bbox 137 1605 237 1643; x_wconf 86' lang='lat' dir='ltr'><strong>summo</strong></span> <span class='ocrx_word' id='word_1_72' title='bbox 248 1607 366 1642; x_wconf 88' lang='lat' dir='ltr'><strong>consensu</strong></span> <span class='ocrx_word' id='word_1_73' title='bbox 376 1597 488 1656; x_wconf 81' lang='lat' dir='ltr'><strong>prebent,</strong></span> <span class='ocrx_word' id='word_1_74' title='bbox 505 1605 602 1659; x_wconf 85' lang='lat' dir='ltr'><strong>excepto</strong></span> <span class='ocrx_word' id='word_1_75' title='bbox 613 1595 693 1645; x_wconf 88' lang='lat' dir='ltr'><strong>codiee</strong></span> <span class='ocrx_word' id='word_1_76' title='bbox 724 1596 780 1642; x_wconf 79' lang='lat' dir='ltr'><strong>e&#39;e&#39;ra</strong></span> <span class='ocrx_word' id='word_1_77' title='bbox 798 1594 916 1657; x_wconf 84' lang='lat' dir='ltr'><strong>propellit,</strong></span> <span class='ocrx_word' id='word_1_78' title='bbox 937 1595 1005 1643; x_wconf 91' lang='lat' dir='ltr'><strong>nobis</strong></span> <span class='ocrx_word' id='word_1_79' title='bbox 1023 1603 1079 1642; x_wconf 82' lang='lat' dir='ltr'><strong>ante</strong></span> <span class='ocrx_word' id='word_1_80' title='bbox 1095 1595 1182 1656; x_wconf 81' lang='lat' dir='ltr'><strong>visum,</strong></span> <span class='ocrx_word' id='word_1_81' title='bbox 1203 1609 1278 1660; x_wconf 81' lang='lat' dir='ltr'><strong>quem</strong></span> 
     </span>
     <span class='ocr_line' id='line_1_11' title="bbox 137 1671 1278 1738; baseline 0.003 -18"><span class='ocrx_word' id='word_1_82' title='bbox 137 1671 332 1734; x_wconf 85' lang='lat' dir='ltr'><strong>Vindobonensi,</strong></span> <span class='ocrx_word' id='word_1_83' title='bbox 352 1673 394 1736; x_wconf 85' lang='lat' dir='ltr'><strong>qui</strong></span> <span class='ocrx_word' id='word_1_84' title='bbox 410 1673 579 1722; x_wconf 76' lang='lat' dir='ltr'><strong>dormitantem</strong></span> <span class='ocrx_word' id='word_1_85' title='bbox 595 1675 693 1723; x_wconf 83' lang='lat' dir='ltr'><strong>collato-</strong></span> <span class='ocrx_word' id='word_1_86' title='bbox 725 1675 777 1720; x_wconf 87' lang='lat' dir='ltr'><strong>baec</strong></span> <span class='ocrx_word' id='word_1_87' title='bbox 794 1673 846 1736; x_wconf 82' lang='lat' dir='ltr'><strong>ipss</strong></span> <span class='ocrx_word' id='word_1_88' title='bbox 866 1673 964 1721; x_wconf 86' lang='lat' dir='ltr'><strong>tandem</strong></span> <span class='ocrx_word' id='word_1_89' title='bbox 981 1674 1069 1738; x_wconf 77' lang='lat' dir='ltr'><strong>imago,</strong></span> <span class='ocrx_word' id='word_1_90' title='bbox 1089 1673 1119 1722; x_wconf 87' lang='lat' dir='ltr'><strong>de</strong></span> <span class='ocrx_word' id='word_1_91' title='bbox 1133 1675 1228 1736; x_wconf 89' lang='lat' dir='ltr'><strong>speculo</strong></span> <span class='ocrx_word' id='word_1_92' title='bbox 1239 1691 1278 1723; x_wconf 89' lang='lat' dir='ltr'><strong>re·</strong></span> 
     </span>
     <span class='ocr_line' id='line_1_12' title="bbox 137 1751 1278 1815; baseline 0.001 -15"><span class='ocrx_word' id='word_1_93' title='bbox 137 1767 194 1800; x_wconf 88' lang='lat' dir='ltr'><strong>rem</strong></span> <span class='ocrx_word' id='word_1_94' title='bbox 215 1760 300 1799; x_wconf 84' lang='lat' dir='ltr'><strong>nectus</strong></span> <span class='ocrx_word' id='word_1_95' title='bbox 322 1759 362 1808; x_wconf 85' lang='lat' dir='ltr'><strong>est,</strong></span> <span class='ocrx_word' id='word_1_96' title='bbox 384 1751 455 1800; x_wconf 89' lang='lat' dir='ltr'><strong>timui</strong></span> <span class='ocrx_word' id='word_1_97' title='bbox 481 1751 535 1800; x_wconf 89' lang='lat' dir='ltr'><strong>loeo</strong></span> <span class='ocrx_word' id='word_1_98' title='bbox 556 1752 691 1801; x_wconf 76' lang='lat' dir='ltr'><strong>deturbare:</strong></span> <span class='ocrx_word' id='word_1_99' title='bbox 723 1751 795 1815; x_wconf 82' lang='lat' dir='ltr'><strong>jecta,</strong></span> <span class='ocrx_word' id='word_1_100' title='bbox 814 1751 900 1800; x_wconf 77' lang='lat' dir='ltr'><strong>revisat</strong></span> <span class='ocrx_word' id='word_1_101' title='bbox 917 1751 1004 1800; x_wconf 87' lang='lat' dir='ltr'><strong>oeulos.</strong></span> <span class='ocrx_word' id='word_1_102' title='bbox 1037 1753 1184 1800; x_wconf 80' lang='lat' dir='ltr'><strong>Distantinm</strong></span> <span class='ocrx_word' id='word_1_103' title='bbox 1202 1754 1278 1801; x_wconf 90' lang='lat' dir='ltr'><strong>simu·</strong></span> 
     </span>
     <span class='ocr_line' id='line_1_13' title="bbox 137 1828 1278 1889; baseline 0.001 -10"><span class='ocrx_word' id='word_1_104' title='bbox 137 1829 310 1879; x_wconf 82' lang='lat' dir='ltr'><strong>namfortessis</strong></span> <span class='ocrx_word' id='word_1_105' title='bbox 320 1833 495 1878; x_wconf 82' lang='lat' dir='ltr'><strong>vetusverbum</strong></span> <span class='ocrx_word' id='word_1_106' title='bbox 506 1829 578 1878; x_wconf 80' lang='lat' dir='ltr'><strong>fuerit</strong></span> <span class='ocrx_word' id='word_1_107' title='bbox 588 1835 694 1889; x_wconf 79' lang='lat' dir='ltr'><strong>insertio,</strong></span> <span class='ocrx_word' id='word_1_108' title='bbox 726 1828 785 1876; x_wconf 78' lang='lat' dir='ltr'><strong>lueri</strong></span> <span class='ocrx_word' id='word_1_109' title='bbox 800 1829 834 1876; x_wconf 90' lang='lat' dir='ltr'><strong>sic</strong></span> <span class='ocrx_word' id='word_1_110' title='bbox 849 1829 975 1877; x_wconf 80' lang='lat' dir='ltr'><strong>arbitrante</strong></span> <span class='ocrx_word' id='word_1_111' title='bbox 992 1838 1028 1876; x_wconf 89' lang='lat' dir='ltr'><strong>est</strong></span> <span class='ocrx_word' id='word_1_112' title='bbox 1043 1829 1118 1877; x_wconf 90' lang='lat' dir='ltr'><strong>videri</strong></span> <span class='ocrx_word' id='word_1_113' title='bbox 1136 1829 1229 1888; x_wconf 84' lang='lat' dir='ltr'><strong>factem,</strong></span> <span class='ocrx_word' id='word_1_114' title='bbox 1246 1833 1278 1880; x_wconf 93' lang='lat' dir='ltr'><strong>ob</strong></span> 
     </span>
     <span class='ocr_line' id='line_1_14' title="bbox 138 1905 1280 1972; baseline 0.005 -16"><span class='ocrx_word' id='word_1_115' title='bbox 138 1907 228 1956; x_wconf 90' lang='lat' dir='ltr'><strong>eodem</strong></span> <span class='ocrx_word' id='word_1_116' title='bbox 238 1905 340 1969; x_wconf 80' lang='lat' dir='ltr'><strong>simplici</strong></span> <span class='ocrx_word' id='word_1_117' title='bbox 350 1907 497 1972; x_wconf 66' lang='lat' dir='ltr'><strong>significum</strong></span> <span class='ocrx_word' id='word_1_118' title='bbox 514 1907 551 1956; x_wconf 84' lang='lat' dir='ltr'><strong>vel</strong></span> <span class='ocrx_word' id='word_1_119' title='bbox 567 1912 651 1958; x_wconf 81' lang='lat' dir='ltr'><strong>sentire</strong></span> <span class='ocrx_word' id='word_1_120' title='bbox 668 1914 694 1958; x_wconf 81' lang='lat' dir='ltr'><strong>in</strong></span> <span class='ocrx_word' id='word_1_121' title='bbox 726 1909 878 1958; x_wconf 86' lang='lat' dir='ltr'><strong>intervallum</strong></span> <span class='ocrx_word' id='word_1_122' title='bbox 885 1909 1006 1972; x_wconf 86' lang='lat' dir='ltr'><strong>temporis,</strong></span> <span class='ocrx_word' id='word_1_123' title='bbox 1018 1919 1043 1958; x_wconf 90' lang='lat' dir='ltr'><strong>et</strong></span> <span class='ocrx_word' id='word_1_124' title='bbox 1050 1911 1180 1960; x_wconf 84' lang='lat' dir='ltr'><strong>effectuum</strong></span> <span class='ocrx_word' id='word_1_125' title='bbox 1186 1928 1280 1962; x_wconf 85' lang='lat' dir='ltr'><strong>morem</strong></span> 
     </span>
     <span class='ocr_line' id='line_1_15' title="bbox 138 1985 1152 2052; baseline 0.004 -18"><span class='ocrx_word' id='word_1_126' title='bbox 138 1989 259 2048; x_wconf 59' lang='lat' dir='ltr'><strong>peculum</strong></span> <span class='ocrx_word' id='word_1_127' title='bbox 269 1985 379 2049; x_wconf 80' lang='lat' dir='ltr'><strong>legitimo</strong></span> <span class='ocrx_word' id='word_1_128' title='bbox 389 1987 461 2034; x_wconf 85' lang='lat' dir='ltr'><strong>fuerit</strong></span> <span class='ocrx_word' id='word_1_129' title='bbox 472 1985 596 2052; x_wconf 81' lang='lat' dir='ltr'><strong>regimine,</strong></span> <span class='ocrx_word' id='word_1_130' title='bbox 609 2003 694 2052; x_wconf 73' lang='lat' dir='ltr'><strong>quem</strong></span> <span class='ocrx_word' id='word_1_131' title='bbox 726 1988 769 2036; x_wconf 84' lang='lat' dir='ltr'><strong>tali</strong></span> <span class='ocrx_word' id='word_1_132' title='bbox 778 1989 957 2038; x_wconf 79' lang='lat' dir='ltr'><strong>continuatione</strong></span> <span class='ocrx_word' id='word_1_133' title='bbox 968 1989 1152 2038; x_wconf 72' lang='lat' dir='ltr'><strong>succedentium.</strong></span> 
     </span>
     <span class='ocr_line' id='line_1_16' title="bbox 139 2061 1279 2132; baseline 0.008 -22"><span class='ocrx_word' id='word_1_134' title='bbox 139 2064 178 2110; x_wconf 79' lang='lat' dir='ltr'><strong>vis</strong></span> <span class='ocrx_word' id='word_1_135' title='bbox 188 2061 456 2124; x_wconf 86' lang='lat' dir='ltr'><strong>exemplnmconsimile</strong></span> <span class='ocrx_word' id='word_1_136' title='bbox 466 2080 532 2112; x_wconf 91' lang='lat' dir='ltr'><strong>nunc</strong></span> <span class='ocrx_word' id='word_1_137' title='bbox 539 2063 633 2114; x_wconf 89' lang='lat' dir='ltr'><strong>dierum</strong></span> <span class='ocrx_word' id='word_1_138' title='bbox 644 2080 694 2114; x_wconf 91' lang='lat' dir='ltr'><strong>non</strong></span> <span class='ocrx_word' id='word_1_139' title='bbox 758 2065 816 2114; x_wconf 87' lang='lat' dir='ltr'><strong>Ver.</strong></span> <span class='ocrx_word' id='word_1_140' title='bbox 832 2071 886 2116; x_wconf 76' lang='lat'><strong>286.</strong></span> <span class='ocrx_word' id='word_1_141' title='bbox 903 2083 945 2115; x_wconf 84' lang='lat' dir='ltr'><strong>ee:</strong></span> <span class='ocrx_word' id='word_1_142' title='bbox 962 2066 997 2113; x_wconf 87' lang='lat' dir='ltr'><strong>ita</strong></span> <span class='ocrx_word' id='word_1_143' title='bbox 1008 2068 1042 2126; x_wconf 72' lang='lat'><strong>133</strong></span> <span class='ocrx_word' id='word_1_144' title='bbox 1058 2067 1151 2132; x_wconf 84' lang='lat' dir='ltr'><strong>reliqui,</strong></span> <span class='ocrx_word' id='word_1_145' title='bbox 1167 2077 1196 2118; x_wconf 81' lang='lat' dir='ltr'><strong>et.</strong></span> <span class='ocrx_word' id='word_1_146' title='bbox 1222 2067 1279 2118; x_wconf 78' lang='lat' dir='ltr'><strong>Pla·</strong></span> 
     </span>
     <span class='ocr_line' id='line_1_17' title="bbox 139 2137 1263 2212; baseline 0.006 -22"><span class='ocrx_word' id='word_1_147' title='bbox 139 2139 218 2198; x_wconf 78' lang='lat' dir='ltr'><strong>facile,</strong></span> <span class='ocrx_word' id='word_1_148' title='bbox 230 2156 261 2192; x_wconf 84' lang='lat' dir='ltr'><strong>ne</strong></span> <span class='ocrx_word' id='word_1_149' title='bbox 267 2137 365 2205; x_wconf 87' lang='lat' dir='ltr'><strong>quidem</strong></span> <span class='ocrx_word' id='word_1_150' title='bbox 370 2141 523 2205; x_wconf 84' lang='lat' dir='ltr'><strong>doctioribus,</strong></span> <span class='ocrx_word' id='word_1_151' title='bbox 534 2143 586 2191; x_wconf 87' lang='lat' dir='ltr'><strong>erui</strong></span> <span class='ocrx_word' id='word_1_152' title='bbox 596 2141 695 2192; x_wconf 84' lang='lat' dir='ltr'><strong>aliunde</strong></span> <span class='ocrx_word' id='word_1_153' title='bbox 726 2153 764 2194; x_wconf 87' lang='lat' dir='ltr'><strong>cet</strong></span> <span class='ocrx_word' id='word_1_154' title='bbox 774 2145 881 2206; x_wconf 67' lang='lat' dir='ltr'><strong>verines,</strong></span> <span class='ocrx_word' id='word_1_155' title='bbox 892 2153 917 2194; x_wconf 86' lang='lat' dir='ltr'><strong>et</strong></span> <span class='ocrx_word' id='word_1_156' title='bbox 927 2147 1033 2209; x_wconf 80' lang='lat' dir='ltr'><strong>apprime</strong></span> <span class='ocrx_word' id='word_1_157' title='bbox 1044 2147 1184 2197; x_wconf 88' lang='lat' dir='ltr'><strong>Lucretium</strong></span> <span class='ocrx_word' id='word_1_158' title='bbox 1195 2150 1263 2212; x_wconf 87' lang='lat' dir='ltr'><strong>sapit.</strong></span> 
     </span>
     <span class='ocr_line' id='line_1_18' title="bbox 140 2218 1279 2288; baseline 0.01 -22"><span class='ocrx_word' id='word_1_159' title='bbox 140 2218 237 2280; x_wconf 87' lang='lat' dir='ltr'><strong>poterit.</strong></span> <span class='ocrx_word' id='word_1_160' title='bbox 758 2223 816 2272; x_wconf 87' lang='lat' dir='ltr'><strong>Ver.</strong></span> <span class='ocrx_word' id='word_1_161' title='bbox 828 2227 883 2273; x_wconf 79' lang='lat' dir='ltr'><strong>ret.</strong></span> <span class='ocrx_word' id='word_1_162' title='bbox 901 2227 990 2288; x_wconf 83' lang='lat' dir='ltr'><strong>Atque.-</strong></span> <span class='ocrx_word' id='word_1_163' title='bbox 1017 2225 1056 2274; x_wconf 90' lang='lat' dir='ltr'><strong>M.</strong></span> <span class='ocrx_word' id='word_1_164' title='bbox 1078 2229 1224 2281; x_wconf 69' lang='lat' dir='ltr'><strong>rit-atre:</strong></span> <span class='ocrx_word' id='word_1_165' title='bbox 1247 2237 1279 2277; x_wconf 86' lang='lat'><strong>11.</strong></span> 
     </span>
    </p>

    <p class='ocr_par' dir='ltr' id='par_1_8' title="bbox 138 2301 1324 4557">
     <span class='ocr_line' id='line_1_19' title="bbox 175 2301 1213 2370; baseline 0.007 -21"><span class='ocrx_word' id='word_1_166' title='bbox 175 2306 232 2355; x_wconf 77' lang='lat' dir='ltr'><strong>Ver.</strong></span> <span class='ocrx_word' id='word_1_167' title='bbox 255 2310 310 2356; x_wconf 76' lang='lat'><strong><em>285.</em></strong></span> <span class='ocrx_word' id='word_1_168' title='bbox 336 2306 426 2370; x_wconf 85' lang='lat' dir='ltr'><strong>Sequor</strong></span> <span class='ocrx_word' id='word_1_169' title='bbox 446 2306 563 2356; x_wconf 84' lang='lat' dir='ltr'><strong>librorum</strong></span> <span class='ocrx_word' id='word_1_170' title='bbox 584 2307 695 2356; x_wconf 80' lang='lat' dir='ltr'><strong>omnium</strong></span> <span class='ocrx_word' id='word_1_171' title='bbox 726 2305 792 2360; x_wconf 65' lang='lat' dir='ltr'><strong>adm</strong></span> <span class='ocrx_word' id='word_1_172' title='bbox 809 2304 849 2351; x_wconf 84' lang='lat' dir='ltr'><strong>eui</strong></span> <span class='ocrx_word' id='word_1_173' title='bbox 860 2301 1080 2354; x_wconf 72' lang='lat' dir='ltr'><strong>deense-volvit.-</strong></span> <span class='ocrx_word' id='word_1_174' title='bbox 1099 2314 1126 2354; x_wconf 89' lang='grc' dir='ltr'><strong>Δ.</strong></span> <span class='ocrx_word' id='word_1_175' title='bbox 1139 2309 1213 2356; x_wconf 80' lang='lat' dir='ltr'><strong>solvit.</strong></span> 
     </span>
     <span class='ocr_line' id='line_1_20' title="bbox 138 2379 1278 2450; baseline 0.008 -25"><span class='ocrx_word' id='word_1_176' title='bbox 138 2394 250 2434; x_wconf 70' lang='lat' dir='ltr'><strong>veterum</strong></span> <span class='ocrx_word' id='word_1_177' title='bbox 260 2384 408 2448; x_wconf 66' lang='lat' dir='ltr'><strong>scripturam,</strong></span> <span class='ocrx_word' id='word_1_178' title='bbox 419 2385 466 2433; x_wconf 82' lang='lat' dir='ltr'><strong>nisi</strong></span> <span class='ocrx_word' id='word_1_179' title='bbox 474 2386 539 2449; x_wconf 78' lang='lat' dir='ltr'><strong>quod</strong></span> <span class='ocrx_word' id='word_1_180' title='bbox 550 2391 577 2437; x_wconf 66' lang='grc' dir='ltr'><strong>Σ,</strong></span> <span class='ocrx_word' id='word_1_181' title='bbox 584 2385 625 2434; x_wconf 65' lang='lat' dir='ltr'><strong>det</strong></span> <span class='ocrx_word' id='word_1_182' title='bbox 634 2403 694 2444; x_wconf 70' lang='lat' dir='ltr'><strong>cum,</strong></span> <span class='ocrx_word' id='word_1_183' title='bbox 760 2379 816 2428; x_wconf 88' lang='lat' dir='ltr'><strong>Ver.</strong></span> <span class='ocrx_word' id='word_1_184' title='bbox 829 2386 885 2430; x_wconf 78' lang='lat'><strong>289.</strong></span> <span class='ocrx_word' id='word_1_185' title='bbox 897 2391 996 2430; x_wconf 85' lang='lat' dir='ltr'><strong>semota:</strong></span> <span class='ocrx_word' id='word_1_186' title='bbox 1015 2383 1048 2430; x_wconf 92' lang='lat' dir='ltr'><strong>sic</strong></span> <span class='ocrx_word' id='word_1_187' title='bbox 1059 2399 1143 2432; x_wconf 88' lang='lat' dir='ltr'><strong>omnes</strong></span> <span class='ocrx_word' id='word_1_188' title='bbox 1153 2399 1225 2433; x_wconf 89' lang='lat' dir='ltr'><strong>omne</strong></span> <span class='ocrx_word' id='word_1_189' title='bbox 1236 2399 1278 2450; x_wconf 79' lang='lat' dir='ltr'><strong>ge-</strong></span> 
     </span>
     <span class='ocr_line' id='line_1_21' title="bbox 139 2457 1281 2529; baseline 0.003 -21"><span class='ocrx_word' id='word_1_190' title='bbox 139 2475 188 2525; x_wconf 86' lang='lat' dir='ltr'><strong>pro</strong></span> <span class='ocrx_word' id='word_1_191' title='bbox 198 2477 262 2529; x_wconf 60' lang='lat' dir='ltr'><strong>eum,¹</strong></span> <span class='ocrx_word' id='word_1_192' title='bbox 281 2469 349 2510; x_wconf 69' lang='grc' dir='ltr'><strong>ειη.</strong></span> <span class='ocrx_word' id='word_1_193' title='bbox 358 2478 419 2520; x_wconf 84' lang='lat' dir='ltr'><strong>cum,</strong></span> <span class='ocrx_word' id='word_1_194' title='bbox 430 2477 474 2524; x_wconf 88' lang='lat' dir='ltr'><strong>pro</strong></span> <span class='ocrx_word' id='word_1_195' title='bbox 483 2480 544 2526; x_wconf 75' lang='lat' dir='ltr'><strong>qua.</strong></span> <span class='ocrx_word' id='word_1_196' title='bbox 565 2463 696 2512; x_wconf 83' lang='lat' dir='ltr'><strong>Sicautem</strong></span> <span class='ocrx_word' id='word_1_197' title='bbox 727 2473 774 2506; x_wconf 79' lang='lat' dir='ltr'><strong>nus</strong></span> <span class='ocrx_word' id='word_1_198' title='bbox 795 2457 855 2506; x_wconf 71' lang='lat' dir='ltr'><strong>libri·</strong></span> <span class='ocrx_word' id='word_1_199' title='bbox 890 2459 974 2522; x_wconf 70' lang='lat' dir='ltr'><strong>Supra.</strong></span> <span class='ocrx_word' id='word_1_200' title='bbox 1002 2459 1034 2509; x_wconf 86' lang='lat' dir='ltr'><strong>ad</strong></span> <span class='ocrx_word' id='word_1_201' title='bbox 1054 2477 1101 2510; x_wconf 86' lang='lat' dir='ltr'><strong>ver.</strong></span> <span class='ocrx_word' id='word_1_202' title='bbox 1123 2466 1179 2513; x_wconf 80' lang='lat' dir='ltr'><strong>etr.</strong></span> <span class='ocrx_word' id='word_1_203' title='bbox 1200 2474 1281 2512; x_wconf 86' lang='lat' dir='ltr'><strong>noster</strong></span> 
     </span>
     <span class='ocr_line' id='line_1_22' title="bbox 139 2535 1324 2605; baseline 0.008 -24"><span class='ocrx_word' id='word_1_204' title='bbox 139 2539 368 2592; x_wconf 67' lang='lat' dir='ltr'><strong>constitutumdm</strong></span> <span class='ocrx_word' id='word_1_205' title='bbox 383 2555 478 2590; x_wconf 68' lang='lat' dir='ltr'><strong>versum</strong></span> <span class='ocrx_word' id='word_1_206' title='bbox 488 2541 557 2590; x_wconf 74' lang='lat' dir='ltr'><strong>bonis</strong></span> <span class='ocrx_word' id='word_1_207' title='bbox 572 2542 697 2592; x_wconf 50' lang='lat' dir='ltr'><strong>visumar</strong></span> <span class='ocrx_word' id='word_1_208' title='bbox 727 2535 814 2584; x_wconf 78' lang='lat' dir='ltr'><strong>meluit</strong></span> <span class='ocrx_word' id='word_1_209' title='bbox 835 2546 931 2596; x_wconf 85' lang='lat' dir='ltr'><strong>remota,</strong></span> <span class='ocrx_word' id='word_1_210' title='bbox 954 2535 996 2585; x_wconf 89' lang='lat' dir='ltr'><strong>sed</strong></span> <span class='ocrx_word' id='word_1_211' title='bbox 1017 2537 1068 2586; x_wconf 89' lang='lat' dir='ltr'><strong>sine</strong></span> <span class='ocrx_word' id='word_1_212' title='bbox 1089 2541 1160 2588; x_wconf 87' lang='lat' dir='ltr'><strong>verbo</strong></span> <span class='ocrx_word' id='word_1_213' title='bbox 1182 2544 1280 2605; x_wconf 81' lang='lat' dir='ltr'><strong>distare,</strong></span> <span class='ocrx_word' id='word_1_214' title='bbox 1322 2559 1324 2566; x_wconf 71' lang='lat'><strong><em>¹</em></strong></span> 
     </span>
     <span class='ocr_line' id='line_1_23' title="bbox 140 2613 1280 2682; baseline 0.007 -22"><span class='ocrx_word' id='word_1_215' title='bbox 140 2618 284 2678; x_wconf 46' lang='lat' dir='ltr'><strong>editor-ihu„</strong></span> <span class='ocrx_word' id='word_1_216' title='bbox 301 2619 357 2668; x_wconf 69' lang='lat' dir='ltr'><strong>nris</strong></span> <span class='ocrx_word' id='word_1_217' title='bbox 367 2634 411 2682; x_wconf 78' lang='lat' dir='ltr'><strong>pm</strong></span> <span class='ocrx_word' id='word_1_218' title='bbox 424 2619 531 2670; x_wconf 60' lang='lat' dir='ltr'><strong>affinio:</strong></span> <span class='ocrx_word' id='word_1_219' title='bbox 569 2640 576 2657; x_wconf 77' lang='lat'><strong>.</strong></span> <span class='ocrx_word' id='word_1_220' title='bbox 728 2629 785 2660; x_wconf 87' lang='lat' dir='ltr'><strong>eum</strong></span> <span class='ocrx_word' id='word_1_221' title='bbox 795 2630 843 2677; x_wconf 89' lang='lat' dir='ltr'><strong>quo</strong></span> <span class='ocrx_word' id='word_1_222' title='bbox 853 2613 1073 2675; x_wconf 60' lang='lat' dir='ltr'><strong>prtusfvomuulum</strong></span> <span class='ocrx_word' id='word_1_223' title='bbox 1084 2617 1147 2666; x_wconf 83' lang='lat' dir='ltr'><strong>male</strong></span> <span class='ocrx_word' id='word_1_224' title='bbox 1157 2621 1280 2668; x_wconf 83' lang='lat' dir='ltr'><strong>convenis-</strong></span> 
     </span>
     <span class='ocr_line' id='line_1_24' title="bbox 728 2691 1280 2754; baseline 0.016 -17"><span class='ocrx_word' id='word_1_225' title='bbox 728 2699 771 2752; x_wconf 89' lang='lat' dir='ltr'><strong>set,</strong></span> <span class='ocrx_word' id='word_1_226' title='bbox 794 2707 822 2738; x_wconf 80' lang='lat' dir='ltr'><strong>ao</strong></span> <span class='ocrx_word' id='word_1_227' title='bbox 845 2691 927 2740; x_wconf 85' lang='lat' dir='ltr'><strong>fuisset</strong></span> <span class='ocrx_word' id='word_1_228' title='bbox 948 2708 1156 2754; x_wconf 86' lang='lat' dir='ltr'><strong>supervacaneum.</strong></span> <span class='ocrx_word' id='word_1_229' title='bbox 1191 2697 1280 2747; x_wconf 89' lang='lat' dir='ltr'><strong>Nonne</strong></span> 
     </span>
     <span class='ocr_line' id='line_1_25' title="bbox 219 2769 1280 2840; baseline 0.015 -30"><span class='ocrx_word' id='word_1_230' title='bbox 219 2833 222 2840; x_wconf 33' lang='grc' dir='ltr'>Ι</span> <span class='ocrx_word' id='word_1_231' title='bbox 727 2780 784 2818; x_wconf 90' lang='lat' dir='ltr'><strong>sunt</strong></span> <span class='ocrx_word' id='word_1_232' title='bbox 795 2769 870 2833; x_wconf 88' lang='lat' dir='ltr'><strong>igitur</strong></span> <span class='ocrx_word' id='word_1_233' title='bbox 879 2770 981 2819; x_wconf 82' lang='lat' dir='ltr'><strong>editores</strong></span> <span class='ocrx_word' id='word_1_234' title='bbox 998 2771 1054 2820; x_wconf 89' lang='lat' dir='ltr'><strong>odio</strong></span> <span class='ocrx_word' id='word_1_235' title='bbox 1070 2774 1181 2832; x_wconf 81' lang='lat' dir='ltr'><strong>habendi,</strong></span> <span class='ocrx_word' id='word_1_236' title='bbox 1198 2791 1280 2826; x_wconf 87' lang='lat' dir='ltr'><strong>nonne</strong></span> 
     </span>
     <span class='ocr_line' id='line_1_26' title="bbox 141 2848 1280 2916; baseline 0.006 -19"><span class='ocrx_word' id='word_1_237' title='bbox 141 2849 213 2897; x_wconf 86' lang='lat' dir='ltr'><strong>Hine</strong></span> <span class='ocrx_word' id='word_1_238' title='bbox 227 2850 310 2914; x_wconf 86' lang='lat' dir='ltr'><strong>utique</strong></span> <span class='ocrx_word' id='word_1_239' title='bbox 325 2857 378 2898; x_wconf 85' lang='lat' dir='ltr'><strong>tuto</strong></span> <span class='ocrx_word' id='word_1_240' title='bbox 393 2851 463 2898; x_wconf 88' lang='lat' dir='ltr'><strong>nobis</strong></span> <span class='ocrx_word' id='word_1_241' title='bbox 477 2851 571 2900; x_wconf 80' lang='lat' dir='ltr'><strong>tidetm</strong></span> <span class='ocrx_word' id='word_1_242' title='bbox 581 2851 695 2916; x_wconf 80' lang='lat' dir='ltr'><strong>colligen·</strong></span> <span class='ocrx_word' id='word_1_243' title='bbox 729 2857 786 2895; x_wconf 85' lang='lat' dir='ltr'><strong>sunt</strong></span> <span class='ocrx_word' id='word_1_244' title='bbox 796 2848 958 2909; x_wconf 82' lang='lat' dir='ltr'><strong>abominandi,</strong></span> <span class='ocrx_word' id='word_1_245' title='bbox 973 2849 1015 2914; x_wconf 86' lang='lat' dir='ltr'><strong>qui</strong></span> <span class='ocrx_word' id='word_1_246' title='bbox 1026 2850 1166 2912; x_wconf 81' lang='lat' dir='ltr'><strong>scripturam</strong></span> <span class='ocrx_word' id='word_1_247' title='bbox 1176 2854 1280 2904; x_wconf 83' lang='lat' dir='ltr'><strong>maxime</strong></span> 
     </span>
     <span class='ocr_line' id='line_1_27' title="bbox 142 2926 1281 2994; baseline 0.007 -20"><span class='ocrx_word' id='word_1_248' title='bbox 142 2927 214 2985; x_wconf 91' lang='lat' dir='ltr'><strong>dum,</strong></span> <span class='ocrx_word' id='word_1_249' title='bbox 232 2930 339 2990; x_wconf 85' lang='lat' dir='ltr'><strong>antiquos</strong></span> <span class='ocrx_word' id='word_1_250' title='bbox 349 2945 400 2976; x_wconf 84' lang='lat' dir='ltr'><strong>eum</strong></span> <span class='ocrx_word' id='word_1_251' title='bbox 414 2929 440 2976; x_wconf 91' lang='lat' dir='ltr'><strong>in</strong></span> <span class='ocrx_word' id='word_1_252' title='bbox 458 2936 545 2978; x_wconf 88' lang='lat' dir='ltr'><strong>neutro</strong></span> <span class='ocrx_word' id='word_1_253' title='bbox 561 2928 698 2978; x_wconf 74' lang='lat' dir='ltr'><strong>adhibuisse</strong></span> <span class='ocrx_word' id='word_1_254' title='bbox 729 2927 846 2975; x_wconf 82' lang='lat' dir='ltr'><strong>sinceram</strong></span> <span class='ocrx_word' id='word_1_255' title='bbox 865 2926 1008 2988; x_wconf 84' lang='lat' dir='ltr'><strong>expulerint,</strong></span> <span class='ocrx_word' id='word_1_256' title='bbox 1025 2936 1049 2975; x_wconf 87' lang='lat' dir='ltr'><strong>et</strong></span> <span class='ocrx_word' id='word_1_257' title='bbox 1068 2933 1163 2979; x_wconf 81' lang='lat' dir='ltr'><strong>crambe</strong></span> <span class='ocrx_word' id='word_1_258' title='bbox 1181 2933 1281 2994; x_wconf 68' lang='lat' dir='ltr'><strong>repetiti</strong></span> 
     </span>
     <span class='ocr_line' id='line_1_28' title="bbox 140 3003 1280 3069; baseline 0.007 -19"><span class='ocrx_word' id='word_1_259' title='bbox 140 3018 187 3065; x_wconf 90' lang='lat' dir='ltr'><strong>pro</strong></span> <span class='ocrx_word' id='word_1_260' title='bbox 198 3006 224 3052; x_wconf 83' lang='lat' dir='ltr'><strong>id</strong></span> <span class='ocrx_word' id='word_1_261' title='bbox 227 3027 236 3060; x_wconf 83' lang='lat'><strong>‚·</strong></span> <span class='ocrx_word' id='word_1_262' title='bbox 255 3013 284 3052; x_wconf 92' lang='lat' dir='ltr'><strong>ut</strong></span> <span class='ocrx_word' id='word_1_263' title='bbox 299 3007 427 3053; x_wconf 87' lang='lat' dir='ltr'><strong>utebantur</strong></span> <span class='ocrx_word' id='word_1_264' title='bbox 444 3005 534 3054; x_wconf 87' lang='lat' dir='ltr'><strong>scilicet</strong></span> <span class='ocrx_word' id='word_1_265' title='bbox 552 3023 586 3055; x_wconf 70' lang='lat' dir='ltr'><strong>ece</strong></span> <span class='ocrx_word' id='word_1_266' title='bbox 604 3022 650 3069; x_wconf 90' lang='lat' dir='ltr'><strong>pro</strong></span> <span class='ocrx_word' id='word_1_267' title='bbox 667 3010 697 3064; x_wconf 83' lang='lat' dir='ltr'><strong>ei,</strong></span> <span class='ocrx_word' id='word_1_268' title='bbox 729 3003 780 3061; x_wconf 63' lang='lat' dir='ltr'><strong>sub,</strong></span> <span class='ocrx_word' id='word_1_269' title='bbox 798 3025 829 3068; x_wconf 62' lang='lat' dir='ltr'><strong>re</strong></span> <span class='ocrx_word' id='word_1_270' title='bbox 839 3013 924 3053; x_wconf 85' lang='lat' dir='ltr'><strong>remoto</strong></span> <span class='ocrx_word' id='word_1_271' title='bbox 937 3003 998 3063; x_wconf 87' lang='lat' dir='ltr'><strong>dico,</strong></span> <span class='ocrx_word' id='word_1_272' title='bbox 1014 3007 1110 3067; x_wconf 75' lang='lat' dir='ltr'><strong>politam</strong></span> <span class='ocrx_word' id='word_1_273' title='bbox 1122 3017 1231 3058; x_wconf 88' lang='lat' dir='ltr'><strong>nostrum</strong></span> <span class='ocrx_word' id='word_1_274' title='bbox 1241 3011 1280 3058; x_wconf 90' lang='lat' dir='ltr'><strong>in-</strong></span> 
     </span>
     <span class='ocr_line' id='line_1_29' title="bbox 140 3081 1279 3152; baseline 0.008 -25"><span class='ocrx_word' id='word_1_275' title='bbox 140 3083 300 3146; x_wconf 82' lang='lat' dir='ltr'><strong>atqneeobus</strong></span> <span class='ocrx_word' id='word_1_276' title='bbox 319 3086 418 3143; x_wconf 79' lang='lat' dir='ltr'><strong>procis.</strong></span> <span class='ocrx_word' id='word_1_277' title='bbox 451 3085 509 3132; x_wconf 90' lang='lat' dir='ltr'><strong>Hoc</strong></span> <span class='ocrx_word' id='word_1_278' title='bbox 524 3083 608 3133; x_wconf 79' lang='lat' dir='ltr'><strong>saltem</strong></span> <span class='ocrx_word' id='word_1_279' title='bbox 618 3085 696 3148; x_wconf 90' lang='lat' dir='ltr'><strong>suspi-</strong></span> <span class='ocrx_word' id='word_1_280' title='bbox 729 3081 914 3146; x_wconf 76' lang='lat' dir='ltr'><strong>gurgitarerint?</strong></span> <span class='ocrx_word' id='word_1_281' title='bbox 931 3083 1082 3134; x_wconf 85' lang='lat' dir='ltr'><strong>Aiofaetum</strong></span> <span class='ocrx_word' id='word_1_282' title='bbox 1098 3101 1149 3134; x_wconf 85' lang='lat' dir='ltr'><strong>esse</strong></span> <span class='ocrx_word' id='word_1_283' title='bbox 1163 3087 1279 3152; x_wconf 83' lang='lat' dir='ltr'><strong>indignis-</strong></span> 
     </span>
     <span class='ocr_line' id='line_1_30' title="bbox 141 3159 795 3225; baseline 0 -17"><span class='ocrx_word' id='word_1_284' title='bbox 141 3160 193 3208; x_wconf 87' lang='lat' dir='ltr'><strong>cari</strong></span> <span class='ocrx_word' id='word_1_285' title='bbox 217 3159 290 3223; x_wconf 82' lang='lat' dir='ltr'><strong>longe</strong></span> <span class='ocrx_word' id='word_1_286' title='bbox 312 3159 429 3225; x_wconf 82' lang='lat' dir='ltr'><strong>longeque</strong></span> <span class='ocrx_word' id='word_1_287' title='bbox 453 3163 585 3211; x_wconf 86' lang='lat' dir='ltr'><strong>consultius</strong></span> <span class='ocrx_word' id='word_1_288' title='bbox 605 3163 698 3213; x_wconf 85' lang='lat' dir='ltr'><strong>ridetur</strong></span> <span class='ocrx_word' id='word_1_289' title='bbox 729 3161 795 3209; x_wconf 90' lang='lat' dir='ltr'><strong>sime.</strong></span> 
     </span>
     <span class='ocr_line' id='line_1_31' title="bbox 141 3238 1280 3302; baseline 0.004 -17"><span class='ocrx_word' id='word_1_290' title='bbox 141 3239 207 3286; x_wconf 89' lang='lat' dir='ltr'><strong>inter</strong></span> <span class='ocrx_word' id='word_1_291' title='bbox 217 3240 260 3286; x_wconf 88' lang='lat' dir='ltr'><strong>has</strong></span> <span class='ocrx_word' id='word_1_292' title='bbox 276 3238 400 3288; x_wconf 79' lang='lat' dir='ltr'><strong>literarum</strong></span> <span class='ocrx_word' id='word_1_293' title='bbox 418 3250 564 3290; x_wconf 87' lang='lat' dir='ltr'><strong>vetustarum</strong></span> <span class='ocrx_word' id='word_1_294' title='bbox 581 3244 697 3300; x_wconf 78' lang='lat' dir='ltr'><strong>tenebret,</strong></span> <span class='ocrx_word' id='word_1_295' title='bbox 761 3239 819 3287; x_wconf 87' lang='lat' dir='ltr'><strong>Ver.</strong></span> <span class='ocrx_word' id='word_1_296' title='bbox 831 3245 886 3290; x_wconf 76' lang='lat'><strong>290.</strong></span> <span class='ocrx_word' id='word_1_297' title='bbox 901 3242 1013 3289; x_wconf 80' lang='lat' dir='ltr'><strong>mirarier</strong></span> <span class='ocrx_word' id='word_1_298' title='bbox 1023 3250 1056 3289; x_wconf 84' lang='lat' dir='ltr'><strong>ert</strong></span> <span class='ocrx_word' id='word_1_299' title='bbox 1067 3257 1124 3302; x_wconf 83' lang='lat' dir='ltr'><strong>par.</strong></span> <span class='ocrx_word' id='word_1_300' title='bbox 1156 3241 1196 3289; x_wconf 87' lang='lat' dir='ltr'><strong>De</strong></span> <span class='ocrx_word' id='word_1_301' title='bbox 1210 3241 1280 3290; x_wconf 85' lang='lat' dir='ltr'><strong>easti-</strong></span> 
     </span>
     <span class='ocr_line' id='line_1_32' title="bbox 141 3316 1280 3381; baseline 0.004 -17"><span class='ocrx_word' id='word_1_302' title='bbox 141 3331 217 3381; x_wconf 86' lang='lat' dir='ltr'><strong>quem</strong></span> <span class='ocrx_word' id='word_1_303' title='bbox 231 3316 348 3366; x_wconf 86' lang='lat' dir='ltr'><strong>dictiones</strong></span> <span class='ocrx_word' id='word_1_304' title='bbox 367 3335 427 3380; x_wconf 89' lang='lat' dir='ltr'><strong>quas</strong></span> <span class='ocrx_word' id='word_1_305' title='bbox 445 3318 509 3376; x_wconf 82' lang='lat' dir='ltr'><strong>libet,</strong></span> <span class='ocrx_word' id='word_1_306' title='bbox 526 3319 565 3368; x_wconf 85' lang='lat' dir='ltr'><strong>vel</strong></span> <span class='ocrx_word' id='word_1_307' title='bbox 582 3319 696 3368; x_wconf 85' lang='lat' dir='ltr'><strong>eruditio·</strong></span> <span class='ocrx_word' id='word_1_308' title='bbox 729 3325 778 3366; x_wconf 75' lang='lat' dir='ltr'><strong>tete</strong></span> <span class='ocrx_word' id='word_1_309' title='bbox 788 3317 887 3380; x_wconf 88' lang='lat' dir='ltr'><strong>hujusce</strong></span> <span class='ocrx_word' id='word_1_310' title='bbox 897 3318 1054 3366; x_wconf 86' lang='lat' dir='ltr'><strong>lectionisrix</strong></span> <span class='ocrx_word' id='word_1_311' title='bbox 1070 3317 1213 3381; x_wconf 86' lang='lat' dir='ltr'><strong>relinquitur</strong></span> <span class='ocrx_word' id='word_1_312' title='bbox 1227 3335 1280 3368; x_wconf 87' lang='lat' dir='ltr'><strong>am-</strong></span> 
     </span>
     <span class='ocr_line' id='line_1_33' title="bbox 142 3395 1280 3460; baseline 0.005 -16"><span class='ocrx_word' id='word_1_313' title='bbox 142 3411 201 3444; x_wconf 87' lang='lat' dir='ltr'><strong>nem</strong></span> <span class='ocrx_word' id='word_1_314' title='bbox 212 3404 321 3444; x_wconf 84' lang='lat' dir='ltr'><strong>nostram</strong></span> <span class='ocrx_word' id='word_1_315' title='bbox 329 3405 474 3458; x_wconf 79' lang='lat' dir='ltr'><strong>superantes,</strong></span> <span class='ocrx_word' id='word_1_316' title='bbox 493 3397 531 3446; x_wconf 83' lang='lat' dir='ltr'><strong>vel</strong></span> <span class='ocrx_word' id='word_1_317' title='bbox 548 3398 698 3460; x_wconf 83' lang='lat' dir='ltr'><strong>displicentes</strong></span> <span class='ocrx_word' id='word_1_318' title='bbox 728 3395 826 3458; x_wconf 85' lang='lat' dir='ltr'><strong>bigendi</strong></span> <span class='ocrx_word' id='word_1_319' title='bbox 840 3395 911 3444; x_wconf 88' lang='lat' dir='ltr'><strong>locus.</strong></span> <span class='ocrx_word' id='word_1_320' title='bbox 945 3396 985 3443; x_wconf 85' lang='lat' dir='ltr'><strong>Ita</strong></span> <span class='ocrx_word' id='word_1_321' title='bbox 995 3395 1109 3458; x_wconf 87' lang='lat' dir='ltr'><strong>scriptum</strong></span> <span class='ocrx_word' id='word_1_322' title='bbox 1120 3397 1232 3446; x_wconf 73' lang='lat' dir='ltr'><strong>estinh</strong></span> <span class='ocrx_word' id='word_1_323' title='bbox 1245 3409 1280 3449; x_wconf 81' lang='lat' dir='ltr'><strong>o.</strong></span> 
     </span>
     <span class='ocr_line' id='line_1_34' title="bbox 142 3473 1281 3539; baseline 0.002 -19"><span class='ocrx_word' id='word_1_324' title='bbox 142 3473 233 3531; x_wconf 83' lang='lat' dir='ltr'><strong>sensui,</strong></span> <span class='ocrx_word' id='word_1_325' title='bbox 260 3474 385 3522; x_wconf 74' lang='lat' dir='ltr'><strong>temerariis</strong></span> <span class='ocrx_word' id='word_1_326' title='bbox 406 3484 431 3522; x_wconf 91' lang='lat' dir='ltr'><strong>et</strong></span> <span class='ocrx_word' id='word_1_327' title='bbox 454 3475 598 3524; x_wconf 88' lang='lat' dir='ltr'><strong>inclemente</strong></span> <span class='ocrx_word' id='word_1_328' title='bbox 622 3492 697 3525; x_wconf 84' lang='lat' dir='ltr'><strong>manu</strong></span> <span class='ocrx_word' id='word_1_329' title='bbox 729 3475 803 3523; x_wconf 87' lang='lat' dir='ltr'><strong>etPii</strong></span> <span class='ocrx_word' id='word_1_330' title='bbox 821 3475 904 3536; x_wconf 88' lang='lat' dir='ltr'><strong>priscis</strong></span> <span class='ocrx_word' id='word_1_331' title='bbox 921 3475 1106 3537; x_wconf 76' lang='lat' dir='ltr'><strong>exemplaribus3</strong></span> <span class='ocrx_word' id='word_1_332' title='bbox 1124 3489 1198 3539; x_wconf 84' lang='lat' dir='ltr'><strong>prope</strong></span> <span class='ocrx_word' id='word_1_333' title='bbox 1215 3481 1281 3528; x_wconf 70' lang='lat' dir='ltr'><strong>abest</strong></span> 
     </span>
     <span class='ocr_line' id='line_1_35' title="bbox 142 3549 1280 3618; baseline 0.009 -21"><span class='ocrx_word' id='word_1_334' title='bbox 142 3549 233 3610; x_wconf 85' lang='lat' dir='ltr'><strong>passim</strong></span> <span class='ocrx_word' id='word_1_335' title='bbox 250 3550 377 3600; x_wconf 83' lang='lat' dir='ltr'><strong>confodere</strong></span> <span class='ocrx_word' id='word_1_336' title='bbox 393 3567 422 3600; x_wconf 88' lang='lat' dir='ltr'><strong>ac</strong></span> <span class='ocrx_word' id='word_1_337' title='bbox 443 3553 594 3614; x_wconf 89' lang='lat' dir='ltr'><strong>proscribere.</strong></span> <span class='ocrx_word' id='word_1_338' title='bbox 626 3563 696 3618; x_wconf 73' lang='lat' dir='ltr'><strong>Aper·</strong></span> <span class='ocrx_word' id='word_1_339' title='bbox 729 3553 766 3601; x_wconf 93' lang='grc' dir='ltr'><strong>Μ.</strong></span> <span class='ocrx_word' id='word_1_340' title='bbox 783 3555 894 3602; x_wconf 77' lang='lat' dir='ltr'><strong>mirarier</strong></span> <span class='ocrx_word' id='word_1_341' title='bbox 909 3569 933 3602; x_wconf 80' lang='lat' dir='ltr'><strong>es</strong></span> <span class='ocrx_word' id='word_1_342' title='bbox 945 3569 1007 3616; x_wconf 69' lang='lat' dir='ltr'><strong>pen,-</strong></span> <span class='ocrx_word' id='word_1_343' title='bbox 1025 3551 1099 3601; x_wconf 84' lang='lat' dir='ltr'><strong>Vind</strong></span> <span class='ocrx_word' id='word_1_344' title='bbox 1110 3553 1190 3603; x_wconf 88' lang='lat' dir='ltr'><strong>V.ed.</strong></span> <span class='ocrx_word' id='word_1_345' title='bbox 1207 3557 1237 3606; x_wconf 90' lang='grc' dir='ltr'><strong>Β.</strong></span> <span class='ocrx_word' id='word_1_346' title='bbox 1249 3559 1280 3606; x_wconf 94' lang='grc'><strong>0.</strong></span> 
     </span>
     <span class='ocr_line' id='line_1_36' title="bbox 143 3631 1282 3697; baseline 0.008 -20"><span class='ocrx_word' id='word_1_347' title='bbox 143 3648 226 3691; x_wconf 71' lang='lat' dir='ltr'><strong>repar·</strong></span> <span class='ocrx_word' id='word_1_348' title='bbox 244 3631 341 3697; x_wconf 67' lang='lat' dir='ltr'><strong>cespius</strong></span> <span class='ocrx_word' id='word_1_349' title='bbox 351 3642 463 3696; x_wconf 74' lang='grc' dir='ltr'><strong>λελογχι.</strong></span> <span class='ocrx_word' id='word_1_350' title='bbox 728 3638 756 3680; x_wconf 85' lang='grc' dir='ltr'><strong>Δ.</strong></span> <span class='ocrx_word' id='word_1_351' title='bbox 770 3639 796 3682; x_wconf 80' lang='grc' dir='ltr'><strong>Σ.</strong></span> <span class='ocrx_word' id='word_1_352' title='bbox 808 3636 892 3681; x_wconf 80' lang='lat' dir='ltr'><strong>mirari</strong></span> <span class='ocrx_word' id='word_1_353' title='bbox 905 3643 1009 3695; x_wconf 70' lang='lat' dir='ltr'><strong>penest,-</strong></span> <span class='ocrx_word' id='word_1_354' title='bbox 1029 3641 1061 3682; x_wconf 91' lang='grc' dir='ltr'><strong>Π.</strong></span> <span class='ocrx_word' id='word_1_355' title='bbox 1081 3636 1167 3683; x_wconf 78' lang='lat' dir='ltr'><strong>mirari</strong></span> <span class='ocrx_word' id='word_1_356' title='bbox 1185 3640 1282 3686; x_wconf 80' lang='lat' dir='ltr'><strong>minime</strong></span> 
     </span>
     <span class='ocr_line' id='line_1_37' title="bbox 144 3707 1281 3777; baseline 0.007 -23"><span class='ocrx_word' id='word_1_357' title='bbox 144 3707 567 3774; x_wconf 72' lang='lat' dir='ltr'><strong>Ceterumdedistantiitepperente</strong></span> <span class='ocrx_word' id='word_1_358' title='bbox 577 3711 696 3776; x_wconf 75' lang='lat' dir='ltr'><strong>imaginis,</strong></span> <span class='ocrx_word' id='word_1_359' title='bbox 727 3721 761 3761; x_wconf 83' lang='lat' dir='ltr'><strong>ert</strong></span> <span class='ocrx_word' id='word_1_360' title='bbox 772 3729 828 3774; x_wconf 84' lang='lat' dir='ltr'><strong>par.</strong></span> <span class='ocrx_word' id='word_1_361' title='bbox 860 3711 1281 3777; x_wconf 72' lang='lat' dir='ltr'><strong>Nempe,postquemrariorr&#39;orme</strong></span> 
     </span>
     <span class='ocr_line' id='line_1_38' title="bbox 141 3785 1281 3856; baseline 0.006 -22"><span class='ocrx_word' id='word_1_362' title='bbox 141 3785 237 3835; x_wconf 74' lang='lat' dir='ltr'><strong>redere</strong></span> <span class='ocrx_word' id='word_1_363' title='bbox 251 3788 354 3850; x_wconf 84' lang='lat' dir='ltr'><strong>speculo,</strong></span> <span class='ocrx_word' id='word_1_364' title='bbox 374 3790 481 3839; x_wconf 86' lang='lat' dir='ltr'><strong>Lucretii</strong></span> <span class='ocrx_word' id='word_1_365' title='bbox 498 3793 549 3840; x_wconf 80' lang='lat' dir='ltr'><strong>bec</strong></span> <span class='ocrx_word' id='word_1_366' title='bbox 567 3799 603 3840; x_wconf 90' lang='lat' dir='ltr'><strong>est</strong></span> <span class='ocrx_word' id='word_1_367' title='bbox 621 3793 695 3856; x_wconf 83' lang='lat' dir='ltr'><strong>hypo-</strong></span> <span class='ocrx_word' id='word_1_368' title='bbox 728 3793 839 3839; x_wconf 79' lang='lat' dir='ltr'><strong>mirarier</strong></span> <span class='ocrx_word' id='word_1_369' title='bbox 852 3791 942 3839; x_wconf 75' lang='lat' dir='ltr'><strong>abierat</strong></span> <span class='ocrx_word' id='word_1_370' title='bbox 957 3791 984 3838; x_wconf 92' lang='lat' dir='ltr'><strong>in</strong></span> <span class='ocrx_word' id='word_1_371' title='bbox 999 3795 1094 3852; x_wconf 79' lang='lat' dir='ltr'><strong>mirari,</strong></span> <span class='ocrx_word' id='word_1_372' title='bbox 1110 3791 1199 3840; x_wconf 88' lang='lat' dir='ltr'><strong>librarii</strong></span> <span class='ocrx_word' id='word_1_373' title='bbox 1210 3807 1281 3841; x_wconf 85' lang='lat' dir='ltr'><strong>voces</strong></span> 
     </span>
     <span class='ocr_line' id='line_1_39' title="bbox 142 3863 1278 3933; baseline 0.006 -21"><span class='ocrx_word' id='word_1_374' title='bbox 142 3863 224 3914; x_wconf 80' lang='lat' dir='ltr'><strong>thesis:</strong></span> <span class='ocrx_word' id='word_1_375' title='bbox 245 3865 276 3914; x_wconf 88' lang='lat' dir='ltr'><strong>de</strong></span> <span class='ocrx_word' id='word_1_376' title='bbox 297 3866 346 3931; x_wconf 74' lang='lat' dir='ltr'><strong>qud</strong></span> <span class='ocrx_word' id='word_1_377' title='bbox 362 3876 444 3918; x_wconf 68' lang='lat' dir='ltr'><strong>nmen</strong></span> <span class='ocrx_word' id='word_1_378' title='bbox 463 3870 513 3932; x_wconf 84' lang='lat' dir='ltr'><strong>ipse</strong></span> <span class='ocrx_word' id='word_1_379' title='bbox 533 3870 631 3930; x_wconf 80' lang='lat' dir='ltr'><strong>viderit;</strong></span> <span class='ocrx_word' id='word_1_380' title='bbox 653 3885 697 3919; x_wconf 89' lang='lat' dir='ltr'><strong>nos</strong></span> <span class='ocrx_word' id='word_1_381' title='bbox 727 3877 762 3917; x_wconf 81' lang='lat' dir='ltr'><strong>est</strong></span> <span class='ocrx_word' id='word_1_382' title='bbox 775 3885 824 3932; x_wconf 84' lang='lat' dir='ltr'><strong>per</strong></span> <span class='ocrx_word' id='word_1_383' title='bbox 843 3885 915 3933; x_wconf 83' lang='lat' dir='ltr'><strong>ocyus</strong></span> <span class='ocrx_word' id='word_1_384' title='bbox 933 3879 1113 3933; x_wconf 84' lang='lat' dir='ltr'><strong>transponerent</strong></span> <span class='ocrx_word' id='word_1_385' title='bbox 1129 3872 1160 3918; x_wconf 92' lang='lat' dir='ltr'><strong>ob</strong></span> <span class='ocrx_word' id='word_1_386' title='bbox 1174 3870 1278 3919; x_wconf 80' lang='lat' dir='ltr'><strong>hirtum:</strong></span> 
     </span>
     <span class='ocr_line' id='line_1_40' title="bbox 141 3943 1281 4013; baseline 0.005 -22"><span class='ocrx_word' id='word_1_387' title='bbox 141 3943 210 3992; x_wconf 88' lang='lat' dir='ltr'><strong>enim</strong></span> <span class='ocrx_word' id='word_1_388' title='bbox 229 3959 278 3992; x_wconf 88' lang='lat' dir='ltr'><strong>non</strong></span> <span class='ocrx_word' id='word_1_389' title='bbox 297 3945 453 4011; x_wconf 73' lang='lat' dir='ltr'><strong>philosophie</strong></span> <span class='ocrx_word' id='word_1_390' title='bbox 468 3956 579 4010; x_wconf 79' lang='lat' dir='ltr'><strong>petronus</strong></span> <span class='ocrx_word' id='word_1_391' title='bbox 594 3949 696 4013; x_wconf 80' lang='lat' dir='ltr'><strong>egimus,</strong></span> <span class='ocrx_word' id='word_1_392' title='bbox 728 3948 843 3996; x_wconf 74' lang='lat' dir='ltr'><strong>haetenus</strong></span> <span class='ocrx_word' id='word_1_393' title='bbox 859 3949 926 3996; x_wconf 86' lang='lat' dir='ltr'><strong>enim</strong></span> <span class='ocrx_word' id='word_1_394' title='bbox 944 3963 1029 3997; x_wconf 88' lang='lat' dir='ltr'><strong>eorum</strong></span> <span class='ocrx_word' id='word_1_395' title='bbox 1044 3947 1147 3996; x_wconf 87' lang='lat' dir='ltr'><strong>eruditio</strong></span> <span class='ocrx_word' id='word_1_396' title='bbox 1162 3961 1281 4008; x_wconf 81' lang='lat' dir='ltr'><strong>proeesse·</strong></span> 
     </span>
     <span class='ocr_line' id='line_1_41' title="bbox 142 4019 1278 4091; baseline 0.006 -22"><span class='ocrx_word' id='word_1_397' title='bbox 142 4019 186 4068; x_wconf 81' lang='lat' dir='ltr'><strong>sed</strong></span> <span class='ocrx_word' id='word_1_398' title='bbox 207 4020 346 4084; x_wconf 85' lang='lat' dir='ltr'><strong>interpretes</strong></span> <span class='ocrx_word' id='word_1_399' title='bbox 367 4026 488 4075; x_wconf 71' lang='lat' dir='ltr'><strong>metionis.</strong></span> <span class='ocrx_word' id='word_1_400' title='bbox 520 4027 602 4076; x_wconf 84' lang='lat' dir='ltr'><strong>Finxit</strong></span> <span class='ocrx_word' id='word_1_401' title='bbox 623 4027 697 4091; x_wconf 76' lang='lat' dir='ltr'><strong>igitur</strong></span> <span class='ocrx_word' id='word_1_402' title='bbox 728 4034 772 4074; x_wconf 76' lang='lat' dir='ltr'><strong>rat.</strong></span> <span class='ocrx_word' id='word_1_403' title='bbox 812 4027 847 4075; x_wconf 88' lang='lat' dir='ltr'><strong>Et</strong></span> <span class='ocrx_word' id='word_1_404' title='bbox 873 4026 912 4074; x_wconf 92' lang='lat' dir='ltr'><strong>bic</strong></span> <span class='ocrx_word' id='word_1_405' title='bbox 939 4033 975 4074; x_wconf 85' lang='lat' dir='ltr'><strong>eet</strong></span> <span class='ocrx_word' id='word_1_406' title='bbox 1000 4026 1060 4074; x_wconf 92' lang='lat' dir='ltr'><strong>ordo</strong></span> <span class='ocrx_word' id='word_1_407' title='bbox 1086 4025 1278 4076; x_wconf 85' lang='lat' dir='ltr'><strong>constructionis:</strong></span> 
     </span>
     <span class='ocr_line' id='line_1_42' title="bbox 142 4097 1282 4167; baseline 0.004 -18"><span class='ocrx_word' id='word_1_408' title='bbox 142 4097 275 4163; x_wconf 74' lang='lat' dir='ltr'><strong>imaginem</strong></span> <span class='ocrx_word' id='word_1_409' title='bbox 285 4102 398 4164; x_wconf 87' lang='lat' dir='ltr'><strong>corporis,</strong></span> <span class='ocrx_word' id='word_1_410' title='bbox 415 4103 443 4150; x_wconf 89' lang='lat' dir='ltr'><strong>in</strong></span> <span class='ocrx_word' id='word_1_411' title='bbox 453 4104 578 4166; x_wconf 57' lang='lat' dir='ltr'><strong>speculum</strong></span> <span class='ocrx_word' id='word_1_412' title='bbox 588 4105 695 4154; x_wconf 87' lang='lat' dir='ltr'><strong>inciden·</strong></span> <span class='ocrx_word' id='word_1_413' title='bbox 729 4107 747 4133; x_wconf 80' lang='lat'><strong>‘⁸</strong></span> <span class='ocrx_word' id='word_1_414' title='bbox 759 4102 815 4160; x_wconf 75' lang='lat' dir='ltr'><strong>Qut</strong></span> <span class='ocrx_word' id='word_1_415' title='bbox 826 4118 852 4152; x_wconf 90' lang='lat' dir='ltr'><strong>re</strong></span> <span class='ocrx_word' id='word_1_416' title='bbox 867 4104 940 4152; x_wconf 84' lang='lat' dir='ltr'><strong>etiam</strong></span> <span class='ocrx_word' id='word_1_417' title='bbox 950 4112 1022 4167; x_wconf 85' lang='lat' dir='ltr'><strong>etque</strong></span> <span class='ocrx_word' id='word_1_418' title='bbox 1035 4101 1107 4150; x_wconf 86' lang='lat' dir='ltr'><strong>etiam</strong></span> <span class='ocrx_word' id='word_1_419' title='bbox 1124 4102 1226 4152; x_wconf 89' lang='lat' dir='ltr'><strong>minime</strong></span> <span class='ocrx_word' id='word_1_420' title='bbox 1244 4113 1282 4154; x_wconf 81' lang='lat' dir='ltr'><strong>est</strong></span> 
     </span>
     <span class='ocr_line' id='line_1_43' title="bbox 141 4179 1282 4246; baseline 0.006 -21"><span class='ocrx_word' id='word_1_421' title='bbox 141 4185 197 4233; x_wconf 87' lang='lat' dir='ltr'><strong>tem,</strong></span> <span class='ocrx_word' id='word_1_422' title='bbox 226 4179 323 4239; x_wconf 75' lang='lat' dir='ltr'><strong>speculo</strong></span> <span class='ocrx_word' id='word_1_423' title='bbox 342 4183 449 4243; x_wconf 89' lang='lat' dir='ltr'><strong>primum</strong></span> <span class='ocrx_word' id='word_1_424' title='bbox 472 4183 568 4246; x_wconf 72' lang='lat' dir='ltr'><strong>projicl3</strong></span> <span class='ocrx_word' id='word_1_425' title='bbox 594 4191 619 4232; x_wconf 87' lang='lat' dir='ltr'><strong>et</strong></span> <span class='ocrx_word' id='word_1_426' title='bbox 639 4183 697 4233; x_wconf 87' lang='lat' dir='ltr'><strong>inde</strong></span> <span class='ocrx_word' id='word_1_427' title='bbox 728 4185 802 4242; x_wconf 66' lang='lat' dir='ltr'><strong>“pur</strong></span> <span class='ocrx_word' id='word_1_428' title='bbox 822 4181 870 4229; x_wconf 87' lang='lat' dir='ltr'><strong>illis</strong></span> <span class='ocrx_word' id='word_1_429' title='bbox 890 4181 999 4228; x_wconf 74' lang='lat' dir='ltr'><strong>mirarier</strong></span> <span class='ocrx_word' id='word_1_430' title='bbox 1020 4180 1079 4246; x_wconf 82' lang='lat' dir='ltr'><strong>(ee),</strong></span> <span class='ocrx_word' id='word_1_431' title='bbox 1101 4195 1156 4242; x_wconf 73' lang='lat' dir='ltr'><strong>que</strong></span> <span class='ocrx_word' id='word_1_432' title='bbox 1176 4181 1282 4231; x_wconf 87' lang='lat' dir='ltr'><strong>reddunt</strong></span> 
     </span>
     <span class='ocr_line' id='line_1_44' title="bbox 142 4253 1282 4326; baseline 0.006 -22"><span class='ocrx_word' id='word_1_433' title='bbox 142 4253 274 4317; x_wconf 87' lang='lat' dir='ltr'><strong>propellere</strong></span> <span class='ocrx_word' id='word_1_434' title='bbox 291 4257 353 4306; x_wconf 65' lang='lat' dir='ltr'><strong>ebrie</strong></span> <span class='ocrx_word' id='word_1_435' title='bbox 371 4259 469 4324; x_wconf 73' lang='lat' dir='ltr'><strong>effigiati</strong></span> <span class='ocrx_word' id='word_1_436' title='bbox 490 4261 633 4323; x_wconf 84' lang='lat' dir='ltr'><strong>portionem,</strong></span> <span class='ocrx_word' id='word_1_437' title='bbox 655 4261 697 4326; x_wconf 87' lang='lat' dir='ltr'><strong>qui</strong></span> <span class='ocrx_word' id='word_1_438' title='bbox 729 4257 837 4306; x_wconf 82' lang='lat' dir='ltr'><strong>“risum</strong></span> <span class='ocrx_word' id='word_1_439' title='bbox 862 4273 892 4306; x_wconf 84' lang='lat' dir='ltr'><strong>ex</strong></span> <span class='ocrx_word' id='word_1_440' title='bbox 919 4271 1014 4322; x_wconf 76' lang='lat' dir='ltr'><strong>equore</strong></span> <span class='ocrx_word' id='word_1_441' title='bbox 1040 4257 1192 4319; x_wconf 87' lang='lat' dir='ltr'><strong>speculorum</strong></span> <span class='ocrx_word' id='word_1_442' title='bbox 1218 4261 1282 4310; x_wconf 86' lang='lat' dir='ltr'><strong>binis</strong></span> 
     </span>
     <span class='ocr_line' id='line_1_45' title="bbox 142 4333 1281 4402; baseline 0.007 -21"><span class='ocrx_word' id='word_1_443' title='bbox 142 4333 208 4393; x_wconf 84' lang='lat' dir='ltr'><strong>prius</strong></span> <span class='ocrx_word' id='word_1_444' title='bbox 229 4333 257 4382; x_wconf 91' lang='lat' dir='ltr'><strong>in</strong></span> <span class='ocrx_word' id='word_1_445' title='bbox 278 4335 361 4384; x_wconf 87' lang='lat' dir='ltr'><strong>oculos</strong></span> <span class='ocrx_word' id='word_1_446' title='bbox 387 4335 480 4397; x_wconf 83' lang='lat' dir='ltr'><strong>incidit,</strong></span> <span class='ocrx_word' id='word_1_447' title='bbox 507 4353 581 4402; x_wconf 82' lang='lat' dir='ltr'><strong>quam</strong></span> <span class='ocrx_word' id='word_1_448' title='bbox 607 4337 697 4400; x_wconf 75' lang='lat' dir='ltr'><strong>spectrd</strong></span> <span class='ocrx_word' id='word_1_449' title='bbox 730 4335 880 4385; x_wconf 67' lang='lat' dir='ltr'><strong>“antuus”</strong></span> <span class='ocrx_word' id='word_1_450' title='bbox 897 4335 945 4383; x_wconf 92' lang='lat' dir='ltr'><strong>i.e.</strong></span> <span class='ocrx_word' id='word_1_451' title='bbox 963 4334 1005 4382; x_wconf 89' lang='lat' dir='ltr'><strong>Illi</strong></span> <span class='ocrx_word' id='word_1_452' title='bbox 1021 4335 1103 4399; x_wconf 80' lang='lat' dir='ltr'><strong>igitur,</strong></span> <span class='ocrx_word' id='word_1_453' title='bbox 1122 4338 1164 4402; x_wconf 88' lang='lat' dir='ltr'><strong>qui</strong></span> <span class='ocrx_word' id='word_1_454' title='bbox 1182 4341 1281 4402; x_wconf 81' lang='lat' dir='ltr'><strong>pbaeno-</strong></span> 
     </span>
     <span class='ocr_line' id='line_1_46' title="bbox 143 4411 1281 4478; baseline 0.005 -21"><span class='ocrx_word' id='word_1_455' title='bbox 143 4411 243 4472; x_wconf 63' lang='lat' dir='ltr'><strong>speciem</strong></span> <span class='ocrx_word' id='word_1_456' title='bbox 268 4411 355 4462; x_wconf 79' lang='lat' dir='ltr'><strong>deinde</strong></span> <span class='ocrx_word' id='word_1_457' title='bbox 378 4427 434 4463; x_wconf 82' lang='lat' dir='ltr'><strong>vero</strong></span> <span class='ocrx_word' id='word_1_458' title='bbox 452 4424 477 4463; x_wconf 89' lang='lat' dir='ltr'><strong>et</strong></span> <span class='ocrx_word' id='word_1_459' title='bbox 497 4415 588 4478; x_wconf 80' lang='lat' dir='ltr'><strong>speculi</strong></span> <span class='ocrx_word' id='word_1_460' title='bbox 608 4415 697 4478; x_wconf 85' lang='lat' dir='ltr'><strong>species</strong></span> <span class='ocrx_word' id='word_1_461' title='bbox 727 4427 816 4462; x_wconf 88' lang='lat' dir='ltr'><strong>menon</strong></span> <span class='ocrx_word' id='word_1_462' title='bbox 833 4413 946 4477; x_wconf 78' lang='lat' dir='ltr'><strong>imaginis</strong></span> <span class='ocrx_word' id='word_1_463' title='bbox 960 4413 988 4460; x_wconf 92' lang='lat' dir='ltr'><strong>in</strong></span> <span class='ocrx_word' id='word_1_464' title='bbox 1002 4413 1098 4477; x_wconf 85' lang='lat' dir='ltr'><strong>speculo</strong></span> <span class='ocrx_word' id='word_1_465' title='bbox 1113 4433 1155 4478; x_wconf 89' lang='lat' dir='ltr'><strong>per</strong></span> <span class='ocrx_word' id='word_1_466' title='bbox 1171 4417 1281 4466; x_wconf 89' lang='lat' dir='ltr'><strong>medium</strong></span> 
     </span>
     <span class='ocr_line' id='line_1_47' title="bbox 144 4487 1281 4557; baseline 0.003 -19"><span class='ocrx_word' id='word_1_467' title='bbox 144 4487 195 4550; x_wconf 87' lang='lat' dir='ltr'><strong>ipsa</strong></span> <span class='ocrx_word' id='word_1_468' title='bbox 211 4488 303 4553; x_wconf 83' lang='lat' dir='ltr'><strong>visitur,</strong></span> <span class='ocrx_word' id='word_1_469' title='bbox 322 4505 377 4556; x_wconf 83' lang='lat' dir='ltr'><strong>quae</strong></span> <span class='ocrx_word' id='word_1_470' title='bbox 395 4491 463 4552; x_wconf 86' lang='lat' dir='ltr'><strong>redit,</strong></span> <span class='ocrx_word' id='word_1_471' title='bbox 484 4507 565 4542; x_wconf 84' lang='lat' dir='ltr'><strong>secum</strong></span> <span class='ocrx_word' id='word_1_472' title='bbox 585 4492 697 4544; x_wconf 80' lang='lat' dir='ltr'><strong>auferens</strong></span> <span class='ocrx_word' id='word_1_473' title='bbox 729 4491 830 4555; x_wconf 83' lang='lat' dir='ltr'><strong>duplicis</strong></span> <span class='ocrx_word' id='word_1_474' title='bbox 847 4493 908 4542; x_wconf 83' lang='lat' dir='ltr'><strong>e&#39;e&#39;ris</strong></span> <span class='ocrx_word' id='word_1_475' title='bbox 929 4493 1055 4557; x_wconf 82' lang='lat' dir='ltr'><strong>explicant,</strong></span> <span class='ocrx_word' id='word_1_476' title='bbox 1076 4497 1178 4546; x_wconf 84' lang='lat' dir='ltr'><strong>minime</strong></span> <span class='ocrx_word' id='word_1_477' title='bbox 1199 4495 1281 4544; x_wconf 80' lang='lat' dir='ltr'><strong>mirari</strong></span> 
     </span>
    </p>
   </div>
   <div class='ocr_carea' id='block_1_4' title="bbox 140 2739 694 2795">
    <p class='ocr_par' dir='ltr' id='par_1_9' title="bbox 140 2739 694 2795">
     <span class='ocr_line' id='line_1_48' title="bbox 140 2739 694 2795; baseline 0.004 -13"><span class='ocrx_word' id='word_1_478' title='bbox 140 2739 369 2789; x_wconf 69' lang='lat' dir='ltr'><strong>commonentem</strong></span> <span class='ocrx_word' id='word_1_479' title='bbox 376 2741 398 2782; x_wconf 76' lang='lat' dir='ltr'><strong>td</strong></span> <span class='ocrx_word' id='word_1_480' title='bbox 409 2743 504 2793; x_wconf 62' lang='lat' dir='ltr'><strong>taque</strong></span> <span class='ocrx_word' id='word_1_481' title='bbox 512 2743 587 2792; x_wconf 71' lang='lat' dir='ltr'><strong>fertur,</strong></span> <span class='ocrx_word' id='word_1_482' title='bbox 594 2744 694 2795; x_wconf 54' lang='lat' dir='ltr'><strong>imago-n</strong></span> 
     </span>
    </p>
   </div>
   <div class='ocr_carea' id='block_1_5' title="bbox 0 0 1486 4984">
    <p class='ocr_par' dir='ltr' id='par_1_10' title="bbox 0 0 1486 4984">
     <span class='ocr_line' id='line_1_49' title="bbox 0 0 1486 4984; baseline 0 0"><span class='ocrx_word' id='word_1_483' title='bbox 0 0 1486 4984; x_wconf 95' lang='lat' dir='ltr'><strong> </strong></span> 
     </span>
    </p>
   </div>
  </div>
 </body>
</html>
