3030 4982
365 487 370 498 “
408 528 411 536 ,
489 469 687 554 LIBER'
709 465 976 552 TERTIUS.
1194 485 1283 550 '125
1308 517 1312 524 ·

268 675 342 752 Quo
355 675 442 761 quasi
456 694 504 739 res
518 675 638 760 possint
651 671 820 752 discedere,
836 675 1035 762 dissoluique3
1117 719 1120 722 -

269 785 382 853 Sic-uti
397 809 589 852 summarum
606 809 728 851 summa
741 799 792 850 est·
801 799 929 866 aetema,
945 809 1047 873 neque
1061 797 1152 850 extra

266 899 346 975 Quis
359 899 445 963 locus
459 909 517 975 est,
532 918 596 984 quo
610 897 789 984 diffirgiant;
812 921 913 985 neque
926 919 1063 984 corpora
1073 909 1156 976 sunt,
1171 917 1242 984 quas

266 1010 391 1075 Possint
405 1009 554 1086 incidere,
570 1021 601 1073 et
615 1008 715 1073 validi
730 1009 894 1074 dissolvere
907 1010 1010 1098 plagi:
1033 1027 1036 1034 '
1167 1007 1170 1012 ’

180 1129 243 1184 820
265 1123 311 1188 At
324 1143 437 1208 neque,
453 1123 518 1186 utei
532 1114 641 1198 docui,-
655 1119 752 1186 solido
767 1143 839 1186 cum
854 1143 985 1207 corpore
999 1123 1110 1186 mentis

267 1233 390 1299 Nature
404 1245 461 1310 est.
477 1233 627 1318 quoniam
642 1233 817 1298 admixtum
832 1247 878 1300 est
893 1235 926 1296 in
941 1233 1033 1298 rebus
1047 1235 1152 1308 inane:
1168 1277 1170 1282 -

267 1345 336 1409 Nec
350 1321 456 1408 tariren
470 1356 565 1410 estut
579 1345 685 1422 inane3
709 1367 810 1432 neque
825 1357 929 1410 autern
944 1345 1212 1430 corporepdesunt,

267 1455 321 1520 Ex
334 1455 459 1520 infinito
474 1471 547 1542 quae
558 1458 678 1541 possint
692 1457 771 1520 forte
786 1469 894 1522 coorta

265 1567 421 1632 Proruere
435 1568 516 1634 hano
531 1570 642 1634 mentis
658 1567 792 1647 violento
805 1570 929 1634 turbine
943 1569 1069 1660 molem,

180 1686 243 1743 825
267 1680 335 1744 Aut
349 1680 441 1744 aliam
455 1703 550 1766 quam
564 1683 610 1744 vis
624 1681 743 1746 cladem
757 1683 916 1768 inportare
929 1683 1047 1768 pericli:
1078 1723 1080 1728 ,

266 1791 335 1856 Nec
349 1814 445 1877 porro
460 1804 572 1858 natura
585 1793 657 1872 loci,
673 1795 868 1881 spatiumque
881 1793 1041 1880 profundi,

266 1901 396 1982 Deficit,
413 1905 557 1992 exspargi
571 1927 635 1990 quo
648 1907 745 1991 possit
758 1907 804 1970 vis
819 1906 946 1984 animm,

266 2015 334 2078 Aut
348 2015 406 2079 alia
421 2015 483 2104 qui
498 2016 543 2080 vis
557 2017 653 2102 possit
667 2018 698 2082 vi
712 2017 800 2103 pulsa
814 2017 928 2104 perire:
955 2037 956 2046 ¹

189 2275 246 2324 Ver.
257 2277 312 2324 817.
330 2277 367 2324 Sic
378 2279 428 2324 uti:
447 2275 481 2322 ita
493 2276 521 2325 P.
536 2277 566 2325 V.
578 2277 615 2326 ed.
632 2279 662 2326 Β.
678 2275 711 2330 1.
739 2281 821 2344 liquet,
834 2291 858 2329 et
866 2280 913 2330 loci
923 2280 950 2328 in
959 2279 1049 2340 lexicis,
1066 2296 1096 2328 ex
1109 2279 1221 2342 Apuleio,
1232 2286 1289 2330 met.

159 2353 197 2402 M.
210 2353 240 2401 Ο.
253 2361 279 2401 Δ.
291 2359 318 2402 Σ.
329 2353 409 2414 vulgo,
422 2356 510 2401 Sicut:
529 2355 582 2402 vide
593 2355 617 2403 ii.
629 2361 682 2404 556.
741 2359 790 2406 viii.
806 2375 829 2420 p.
841 2363 896 2407 550.
913 2357 949 2406 cd.
968 2357 1122 2420 Oudendorp.
1138 2359 1175 2406 vel
1191 2374 1213 2419 p.
1234 2343 1294 2407 158.Ι

191 2428 248 2476 Ver.
260 2434 315 2478 818.
331 2429 472 2492 drffugiant:
491 2445 585 2493 nempe,
595 2433 633 2478 hae
644 2447 716 2478 sum·v
743 2435 837 2494 Pricaei,
848 2435 895 2483 alia
904 2451 999 2497 prorsus
1010 2445 1045 2484 est
1055 2436 1122 2494 ratio,
1139 2452 1167 2484 ac
1177 2435 1238 2483 nihil
1249 2429 1296 2484 ad?

159 2521 217 2565 rnae,
234 2504 272 2552 vel
288 2506 333 2552 hoc
344 2505 491 2552 universum:
512 2518 539 2554 Δ.
552 2517 583 2554 Π.
595 2515 622 2557 Σ.
638 2509 709 2572 diffu-
728 2538 732 2550 .
739 2488 845 2574 jumeriti
856 2513 953 2562 confert.
1289 2505 1294 2514 ¹

154 2588 218 2648 gine,
239 2592 268 2632 ut
285 2582 395 2646 vulgares
412 2581 481 2642 editi3
499 2583 540 2631 sed
556 2600 605 2632 nou
624 2601 711 2635 caussae
776 2589 835 2636 Ver.
858 2594 913 2638 825.
937 2592 1025 2638 cladem
1043 2591 1143 2652 pericli}
1170 2587 1293 2650 dissolute,

158 2671 202 2722 est,
211 2661 242 2710 de
253 2659 301 2725 qud
311 2659 449 2708 melioribus
459 2659 526 2708 libris
536 2661 712 2711 obnitamur.-
743 2666 897 2715 orientalium
918 2667 1058 2728 scriptorum
1080 2683 1155 2727 more,
1175 2683 1218 2730 pro
1235 2683 1293 2716 con.

158 2757 244 2804 aeque.-
264 2746 291 2788 Δ.
301 2755 351 2786 uec.
740 2745 838 2809 junctis,
843 2747 998 2808 periculosam
1007 2747 1103 2802 cladem,
1112 2761 1152 2794 seu
1158 2749 1218 2808 pesti
1226 2763 1292 2795 erum

190 2818 249 2865 Ver.
262 2821 316 2864 820.
341 2813 391 2862 Hic
401 2829 482 2863 versus
494 2823 518 2862 et
528 2831 604 2880 usque
620 2816 651 2880 nd
662 2833 709 2865 ver.
737 2825 861 2886 perfidum,

157 2899 214 2942 850.
230 2893 256 2940 in
271 2893 351 2954 priscis
362 2891 473 2940 omnibus
483 2891 656 2954 exemplaribus
667 2893 708 2941 de·
773 2895 831 2952 vir,
846 2906 900 2953 327,
917 2906 1031 2966 euspmgr'.
1048 2901 1174 2967 Virgilius,
1188 2904 1247 2964 ᾧ),
1258 2899 1291 2953 iii.

157 2971 300 3030 siderentur,
324 2969 425 3031 exceptis
453 2969 482 3017 P.
503 2969 532 3017 L.
555 2971 592 3018 M.
622 2969 710 3018 Scribo
742 2982 797 3032 625,

159 3049 248 3098 scilicet
258 3047 379 3096 delicatuli
390 3063 439 3094 non
450 3047 558 3094 ferebant
567 3047 709 3096 Lucretium

159 3125 350 3188 c'apitapriorum
358 3124 708 3188 argumentorumsicsumma·

158 3203 203 3252 tim
224 3201 304 3251 denuo
325 3209 508 3265 percurrentem.
543 3203 589 3250 Sed
614 3204 709 3252 aurium

157 3290 293 3329 nostrarum
303 3297 386 3328 sensus
396 3281 477 3328 minus
487 3287 543 3327 sunt
553 3279 676 3338 fastidiosi,
686 3291 710 3330 et
725 3317 727 3324 .
741 3275 757 3324 i.
768 3292 788 3325 e.
804 3285 921 3337 accurate,
940 3281 988 3327 late
1006 3293 1100 3340 prorsa·
1122 3285 1154 3336 et,
1174 3291 1217 3338 per
1235 3289 1293 3324 con·

158 3359 233 3421 pobtae
242 3359 440 3423 magismiramur
447 3359 618 3407 consideratam
625 3361 709 3408 severi·
742 3355 898 3417 sequentiam,
921 3357 1049 3402 “maltum
1072 3354 1176 3415 sparsa‚''
1192 3353 1300 3417 ideoque*

158 3445 232 3485 tatem
256 3436 434 3500 diligimusque,
462 3453 535 3500 quum
561 3437 716 3486 nimietatem
742 3431 884 3494 madffacra,
895 3431 976 3498 sicuti
989 3429 1207 3492 Serviuserposuit.
1229 3431 1293 3481 Tam

159 3525 304 3575 aversamur,
321 3531 363 3577 per
381 3523 431 3562 tam
442 3513 573 3562 dilucidam
583 3515 709 3563 ratiocins-
741 3523 797 3554 vero
808 3508 833 3554 in
846 3507 957 3571 Virgilio,
971 3523 1043 3572 quam
1054 3507 1206 3570 inLucren'o,
1215 3519 1293 3560 vetus·

160 3593 251 3642 tionem
269 3593 408 3656 simpliciter
424 3601 530 3644 mentem
551 3607 619 3641 suam
638 3607 710 3655 expo.
743 3585 830 3632 liorem
841 3585 980 3646 flcflpmrlm
988 3585 1112 3632 recentiori
1120 3603 1223 3648 exspem
1231 3604 1292 3650 ΡΜ·

159 3671 245 3720 nentis,
418 3682 425 3692 ·
743 3662 879 3724 ponendam
888 3671 959 3723 puto;
977 3677 1052 3726 quum
1062 3663 1220 3712 venerabilem
1231 3666 1292 3713 auti-

191 3747 254 3796 Ibid.
271 3751 412 3797 uteidocm':
432 3747 710 3811 docendoutiquemeu-
743 3741 840 3804 quitatis
858 3742 993 3806 rubiginem
1018 3743 1119 3791 orationi
1141 3757 1190 3791 suae
1211 3748 1300 3806 super-¹

160 3831 269 3872 temesse
280 3841 419 3887 corpoream,
430 3839 477 3873 ver.
492 3830 545 3874 165.
556 3833 589 3886 et,
597 3825 622 3872 in
634 3825 711 3887 primo
743 3817 864 3868 florescere
891 3828 989 3884 uterque
1012 3821 1077 3870 haud
1098 3821 1171 3869 dubie
1192 3819 1301 3868 voluerlt'

162 3900 232 3961 libro,
240 3917 342 3951 vacuum
353 3904 436 3951 omnia
446 3899 573 3966 permeare.
714 3895 717 3902 ’
743 3899 822 3960 poeta:
842 3897 872 3946 de
887 3897 935 3962 qui
950 3915 976 3946 re
992 3915 1036 3946 nos
1051 3899 1105 3960 plus
1115 3898 1187 3946 semel
1198 3897 1292 3960 egimus

196 3977 469 4030 verecundantem
488 3991 522 4030 est
534 3985 567 4029 sn
584 3983 662 4030 rebus.-
681 3971 718 4030 Ρ]
742 3975 769 4023 in
790 3977 961 4038 superioribus
980 3977 1031 4040 sed,
1053 3993 1106 4042 quae
1129 3975 1246 4026 Heinsius
1264 3991 1292 4024 ac

162 4063 195 4104 est
206 4051 333 4104 bdms'rtum
344 4060 422 4114 sebna·
440 4066 539 4120 utraque
555 4058 631 4105 forma
641 4058 708 4105 locu·
742 4057 897 4104 Burmannus
908 4056 946 4104 vel
952 4056 1081 4118 objecerint
1089 4054 1125 4102 vel
1133 4053 1293 4104 dubitaverint

159 4132 234 4180 tionis
243 4135 315 4193 probs
324 4143 367 4195 est,
376 4143 447 4198 atque
454 4134 510 4182 abbi
517 4133 629 4184 Lucretio
638 4141 719 4182 usur-¹
741 4132 772 4180 ad
785 4133 893 4186 Maronis
903 4133 993 4192 locum,
1012 4135 1074 4180 hanc
1084 4129 1239 4179 leviusculam
1250 4131 1291 4182 ad-

158 4217 222 4272 pata.
690 4241 692 4248 ,
741 4207 897 4258 monitionem
914 4210 1052 4260 intransitu
1064 4207 1303 4272 superaddebant

191 4286 247 4336 Ver.
265 4291 320 4336 822.
337 4291 390 4338 Nec
408 4299 511 4338 tamen:-
527 4289 556 4337 P.
574 4291 610 4338 ae
624 4297 721 4336 tamen:
741 4297 789 4336 tur.
1259 4293 1265 4306 ¹

158 4363 285 4414 Etiuver.
298 4373 354 4415 824.
373 4373 494 4426 cunm
512 4368 665 4429 minusapte,
681 4375 710 4414 ut
774 4367 831 4416 Ver.
844 4372 898 4415 828.
911 4371 1004 4430 μενέω
1024 4367 1150 4423 P.'tener2'‚·
1167 4367 1232 4431 quod
1239 4383 1292 4416 me·

158 4439 260 4506 videtur,
277 4443 346 4492 sivel
358 4445 414 4492 ferri
425 4446 508 4506 possin
528 4459 585 4494 nem
601 4445 632 4492 de
642 4443 719 4492 testi-³
741 4444 794 4504 lim,
815 4458 847 4491 ne
864 4449 963 4506 sequens
979 4443 1099 4492 conclusio
1116 4441 1187 4492 nimis
1202 4455 1302 4505 praeoo'

157 4519 241 4570 nonio
251 4522 362 4574 codicum
373 4523 402 4575 Ι..
415 4523 451 4576 Μ.
469 4524 495 4573 in
512 4525 558 4574 hoc
574 4537 643 4574 versu
660 4535 720 4574 non=
742 4515 827 4584 cupam
838 4521 954 4572 videatur:
973 4522 989 4573 i.
1000 4538 1020 4572 e.
1037 4522 1158 4580 contineri.
1177 4517 1304 4570 detinens

787 3123 928 3140 -ι--ι-
934 3106 1030 3156 moleque
1035 3111 1128 3156 exsparra
1135 3112 1230 3147 natarent

787 3165 881 3206 Limina:
