2944 4984
451 387 628 464 LIBER
665 386 958 475 QUARTUS.
1200 403 1272 470 209

251 593 334 670 Quoe
347 591 433 678 quasi
447 590 652 668 membranae,
662 587 716 655 ,vel
729 598 838 653 cortex
851 577 1071 656 nominitanda
1085 603 1142 671 est,
1188 656 1192 664 ,
1208 657 1212 664 ,

253 705 350 782 Quod
364 704 497 790 speciem
511 725 549 767 ac
562 702 696 766 formam
710 701 841 766 similem
854 703 936 790 gerit
949 703 1013 788 ejus
1027 705 1144 793 imago,

187 824 228 881 50
251 817 531 904 Quoiusquomque
545 816 627 880 cluet
640 814 680 879 de
694 835 825 900 corpore
838 813 906 880 firsa
919 818 1035 905 vagari.

250 931 290 996 Id
303 931 375 996 licet
389 930 464 994 hinc
480 951 576 1015 quem
589 928 635 992 vis
649 927 755 991 hebeti
769 950 957 1016 cognoscere
971 929 1079 1008 corde3
1135 993 1138 1002 ,

250 1043 424 1128 Principio,
440 1043 590 1128 quoniam
603 1041 734 1104 mittunt
747 1040 781 1104 in
795 1039 888 1104 rebus
902 1042 1016 1126 apertis
1042 1105 1045 1110 Α

250 1155 395 1241 Corpora
409 1177 457 1218 res
471 1154 590 1232 multae,
613 1153 729 1238 partim
742 1151 856 1217 diffusa
871 1153 991 1231 solute,

253 1266 383 1332 Robora
397 1287 455 1330 ceu
468 1264 590 1331 firmum
604 1264 743 1342 mittunt,
759 1264 916 1353 'ignesque
929 1287 1091 1352 vaporem3

140 1521 193 1557 esse
203 1501 341 1561 existimavi,
352 1503 372 1551 si
382 1503 524 1554 vocabulum
535 1503 599 1554 istud
610 1518 692 1568 prove·
724 1505 773 1553 ιη’·
792 1503 835 1553 sed
851 1503 986 1565 impeditior
1007 1504 1133 1551 verborum
1151 1503 1274 1554 collocatio

141 1587 240 1633 heretur
260 1581 287 1630 in
310 1583 437 1646 sequentia.
470 1584 512 1644 Et,
531 1583 552 1631 ei
569 1583 646 1640 malis,
662 1581 693 1631 ed
724 1580 825 1629 minime
833 1581 989 1642 nobisplacet,
1001 1595 1078 1644 neque
1085 1583 1180 1642 po'etern
1187 1598 1273 1631 venus.

141 1679 264 1725 corporum
275 1661 345 1709 tacite
357 1679 475 1710 reectum
487 1661 574 1709 referre
584 1660 677 1722 poteris
725 1658 875 1720 tumraeipit
904 1657 1062 1706 Scribendum
1071 1658 1125 1706 ideo
1136 1659 1248 1708 forsitan:

177 1741 234 1788 Ver.
245 1745 284 1788 48.
301 1741 453 1788 membranae:
474 1739 507 1788 sic
525 1740 554 1787 P.
572 1738 645 1788 Vind.
661 1740 694 1787 V.

141 1818 180 1868 ed.
199 1819 228 1867 Β.
246 1817 276 1866 0.
295 1823 322 1866 A
341 1827 376 1866 n.
389 1827 413 1866 et
423 1817 505 1882 quovis
521 1817 622 1881 pignore
638 1833 696 1866 con·

139 1895 267 1953 resederim,
284 1910 334 1942 non
351 1895 419 1942 aliter
436 1894 550 1956 scriptum
567 1895 593 1941 in
609 1894 638 1942 1.
656 1895 693 1943 M.
725 1893 741 1941 i.
752 1908 773 1941 e.
784 1895 883 1958 membro
896 1897 1001 1942 corticem
1012 1893 1132 1955 adjiciant.

139 1973 251 2038 quamvis
261 1972 533 2034 taceetHaveroampus,
550 1973 693 2022 ermendra-
758 1971 816 2018 Ver.
827 1976 866 2021 49.
882 1988 924 2020 oe:
944 1971 973 2020 P.
992 1969 1024 2018 V.
1045 1969 1081 2018 ed.
1104 1971 1133 2019 B.
1152 1981 1186 2028 et,·
1206 1971 1237 2019 0.
1249 1977 1276 2020 A.

139 2070 173 2100 aa
186 2051 252 2100 sitin
264 2060 296 2098 11.
309 2057 336 2101 Σ.
348 2058 419 2113 atque
432 2049 513 2096 Nonio
525 2049 647 2106 Marcello,
659 2049 692 2099 iii.
727 2059 758 2098 11.
770 2053 808 2097 od.

140 2136 180 2179 61.
196 2144 272 2194 quum
289 2129 320 2176 sit
336 2143 391 2176 vero
409 2127 569 2188 simillimum,
585 2129 693 2178 librarios
758 2125 819 2174 Ibid
836 2129 934 2189 speeiem
956 2142 985 2174 oe
998 2125 1112 2190 smmum.
1147 2125 1276 2184 Arnobius,

140 2208 173 2256 ad
194 2207 370 2271 exquisitiorem
393 2207 595 2255 constructionem
616 2208 692 2256 offen·
725 2204 765 2253 lib.
777 2204 810 2254 iii.
822 2221 844 2266 p.
859 2211 911 2254 106.
934 2209 950 2234 “
962 2203 1036 2252 Nunc
1046 2203 1184 2266 adspectent
1195 2206 1277 2253 venia-

140 2284 209 2340 disse,
220 2284 250 2332 de
259 2283 307 2346 qud
316 2284 415 2330 verbum
422 2287 586 2332 nominitondo
597 2284 628 2332 sd
638 2301 691 2347 pos·
726 2285 810 2329 “mus
826 2291 848 2330 et
859 2281 962 2345 fmus,
979 2281 1067 2344 quibus
1083 2298 1133 2330 esse
1148 2282 1277 2345 descriptos

141 2372 248 2410 tremum
269 2360 421 2408 solummodo
436 2362 610 2410 substantivum
625 2364 693 2413 redit.
726 2362 746 2388 “
758 2357 815 2406 deofl
825 2373 922 2418 superos
933 2358 1050 2407 “editiffl

742 1776 785 1820 202¹
796 1793 820 1819 as
827 1777 866 1820 'on'
875 1785 939 1824 matus
946 1780 1009 1818 l'ffl’l
1018 1784 1072 1829 φλκν
1080 1779 1140 1829 ἅψει
1148 1781 1223 1834 fiant?
1268 1827 1271 1834 .

143 2445 257 2490 corticem
273 2456 329 2488 vero
345 2441 467 2504 utriusque
483 2443 577 2505 generis
592 2443 694 2492 inveniri
759 2436 822 2484 Ibld·
836 2440 910 2498 gerit:
929 2436 977 2484 be·
998 2439 1082 2496 habelt
1098 2446 1126 2484 ut
1143 2450 1203 2504 99¹¹.
1221 2460 1275 2503 sxta

139 2520 212 2568 docet
230 2518 320 2571 ibidem
339 2519 448 2580 exemplo
468 2521 541 2568 etiam
552 2520 693 2584 virgiliano,
726 2514 752 2560 in
765 2514 861 2562 Greci&
894 2514 934 2560 Sic
948 2515 1042 2562 Gruter.
1059 2516 1172 2576 inseriptt
1190 2517 1239 2578 ip.
1252 2525 1274 2568 9.

145 2597 173 2645 11,
191 2595 233 2644 ,ct
253 2597 283 2644 vi.
301 2601 339 2644 65.
354 2597 394 2644 in,
412 2597 517 2656 Nonium
543 2598 607 2659 apud
623 2615 695 2662 quem
728 2596 746 2621 ‘t
758 2591 867 2638 Numine
877 2591 1030 2653 smttgero:”
1053 2592 1069 2640 i.
1087 2607 1107 2640 e.
1124 2593 1215 2641 sonem
1231 2599 1275 2644 ta.

140 2674 202 2722 falso
213 2674 380 2734 scriptumest,
397 2677 564 2734 nominandos,
581 2677 695 2724 errorein
726 2671 797 2717 benit·
831 2667 1020 2717 Alibidfflmut·
1078 2731 1079 2736 ,

140 2767 245 2801 errorem
256 2751 385 2800 cumulato.
410 2751 501 2800 Videas
512 2753 652 2814 Heinaium,
665 2755 695 2804 ad
759 2748 817 2794 Ver·
829 2751 868 2795 50·
879 2750 952 2795 duel:
966 2747 996 2796 1¹·
1010 2758 1043 2796 11.
1053 2753 1081 2797 Σ·
1092 2752 1132 2797 0Μὶ
1140 2758 1175 2805 tit
1190 2755 1273 2807 Muti

141 2829 214 2877 Ovid.
231 2837 286 2876 met.
303 2829 333 2877 iv.
350 2832 405 2879 575.
424 2828 461 2877 de.
474 2829 592 2878 feminino
607 2847 695 2895 genere
729 2824 760 2874 0.
773 2833 807 2872 Ω·
818 2827 856 2871 tui
865 2824 994 2888 et.-suta:
1012 2825 1046 2874 V.
1058 2825 1096 2874 ed.
1112 2827 1142 2874 Β.
1153 2833 1181 2876 A.
1189 2828 1274 2891 ficeta,-

139 2906 250 2953 vocebuli
261 2909 354 2954 corticis
365 2906 525 2968 ampliantem.
559 2909 608 2955 Per
623 2913 694 2958 corti·
727 2902 757 2950 1¹·
772 2901 974 2965 0·2·12·f¹t³t0·

140 2999 191 3030 cem
212 2997 268 3028 vero
286 2982 405 3046 intelligas
423 2987 558 3033 iteratorum
579 2985 694 3034 redivivo-
760 2982 822 3030 Ibid.
839 2985 899 3031 cluet
909 2986 999 3046 orgari.
1023 2983 1100 3032 Simili
1111 2999 1168 3034 cum
1177 2986 1275 3049 regimi-

140 3075 198 3106 rum
217 3062 405 3121 integumentum,
423 3069 451 3108 ut
469 3077 531 3122 saepe
548 3061 653 3122 Plinius3
670 3073 694 3112 et
726 3075 757 3106 ne
768 3059 864 3108 Ennius
874 3059 938 3121 apud
950 3061 1067 3122 Nonium,
1085 3062 1277 3113 ii.147.eluebot

141 3151 184 3197 per
194 3137 364 3193 membranam,
369 3138 440 3184 tacite
450 3138 577 3201 significari
580 3139 647 3203 settis
655 3145 693 3190 in·
725 3157 784 3200 este;
806 3141 915 3202 Plautus,
927 3143 1013 3192 Bacch.
1025 3144 1055 3192 iv.
1067 3151 1089 3193 9.
1103 3149 1123 3192 1:
1143 3147 1219 3193 cluent
1230 3146 1274 3208 se-

140 3216 273 3264 volccrum:
291 3215 441 3264 conferverr.
453 3221 492 3265 56.
506 3222 545 3266 57.
562 3233 617 3266 cnm
630 3219 693 3269 Plin.
726 3221 797 3266 cisse.-
821 3220 867 3268 hoc
883 3228 964 3267 autem
982 3221 1095 3268 rarissimi
1112 3231 1147 3268 est
1163 3224 1275 3284 exempli,

141 3302 191 3342 nat.
202 3293 257 3340 hist.
268 3294 300 3342 xi.
313 3299 351 3343 16.
362 3301 401 3343 32.
413 3296 492 3344 xxviii
504 3300 543 3345 50.
725 3294 790 3342 etde
800 3297 975 3344 construetione
985 3297 1122 3344 Lucretiani
1139 3299 1277 3360 interpretes

142 3369 229 3428 Porro,
241 3370 364 3418 ¹Varronis
374 3371 440 3419 locus
450 3372 476 3418 in
492 3373 582 3440 Nonio,
598 3375 614 3423 l.
627 3390 646 3423 c.
663 3377 694 3424 ed
725 3371 937 3432 prudentissimum
947 3373 1068 3420 silentium
1080 3383 1197 3434 praestent.

140 3447 281 3496 Lucretium
294 3457 402 3496 nostrum
413 3451 507 3513 egregie
520 3451 582 3500 facit.
616 3453 639 3500 E
650 3453 693 3501 Ti·
760 3449 885 3513 Ibidficso
897 3453 979 3511 imago.
1000 3449 1125 3498 Minucius
1136 3451 1210 3512 Felix,
1222 3466 1276 3506 sect.

141 3525 225 3583 thono,
248 3543 294 3591 περι
314 3547 391 3592 yepes,
415 3527 577 3589 fragmentum
598 3537 633 3576 est
653 3546 695 3578 er.
727 3532 765 3577 19.
791 3528 887 3584 “Quid
906 3528 1073 3579 Democritus?
1103 3534 1211 3594 quamvis
1225 3545 1276 3584 ato·

141 3611 260 3664 carptum:
287 3607 304 3632 “
326 3603 364 3651 Sic
382 3605 487 3661 invitata,
504 3615 598 3654 matura
614 3609 695 3658 anima
728 3606 1275 3673 “morumprimusinventor,nonneplerum-

141 3686 305 3743 “comoreum
328 3687 434 3732 corticem
465 3685 535 3734 facile
559 3686 694 3751 relinquit.”
728 3685 746 3710 “
758 3697 804 3744 que
815 3691 933 3741 naturam.
950 3700 1004 3748 quw
1015 3679 1128 3748 imagines
1135 3689 1236 3751 fundat,
1253 3699 1278 3737 ei

142 3757 192 3806 Ubi
211 3759 273 3806 forte
290 3765 439 3822 accentoris
457 3763 540 3823 reponi
559 3763 651 3824 debeat,
668 3773 696 3813 ut
728 3761 746 3787 “
757 3757 948 3824 intelligentiam,
966 3762 1049 3809 Deum
1059 3762 1195 3827 loquitur?‘'

142 3833 227 3882 madet
236 3835 440 3885 venusiambicus
450 3847 585 3888 tetrameter
594 3843 693 3905 braohy·
758 3837 815 3886 Ver.
827 3843 866 3888 52.
882 3827 978 3889 mittunt
987 3843 1026 3890 tn:
1048 3843 1084 3890 M.
1097 3843 1127 3891 0.
1140 3853 1167 3892 A.
1178 3847 1276 3890 mittun·

141 3910 299 3970 caulemicus,
315 3914 425 3963 dubitare
435 3906 515 3965 liceat:
726 3923 777 3971 tto,-
805 3915 895 3964 librarii
916 3931 987 3966 sensu
1017 3919 1132 3966 nimirum
1158 3920 1276 3979 scriptoris

164 4021 299 4084 stannea,
315 4039 667 4090 maturaanimacorpon'corticem
728 3995 930 4084 WPStmcfionem
940 4011 997 4044 cum
1014 3996 1065 4056 δή
1085 4005 1109 4044 et
1127 3997 1155 4044 ea
1171 3996 1277 4046 faciliore

165 4094 232 4136 Facu,
241 4097 346 4146 ,Qum
726 4071 834 4135 quidem,
850 4084 1014 4134 precurrente.

760 4161 818 4208 Ver.
837 4165 876 4210 55.
892 4167 985 4212 tolutae:
1003 4163 1037 4210 sie
1045 4163 1074 4211 P.
1084 4163 1118 4210 V.
1131 4163 1167 4211 ed.
1176 4163 1206 4212 0.
1214 4165 1280 4229 quod

728 4237 863 4302 elegantius
881 4249 939 4302 puto
959 4240 1055 4303 vulgati
1075 4240 1184 4302 lectione,
1201 4247 1279 4293 solute.

729 4315 797 4364 Ordo
812 4325 856 4364 est:
881 4317 1002 4364 “Partim
1020 4318 1104 4366 solutae
1122 4337 1158 4370 rea
1176 4321 1203 4386 (i.
1214 4338 1233 4369 e.
1252 4337 1278 4368 se

157 4376 415 4438 ²⁰⁶⁸''Tffl‘i‘0‘mtt
428 4383 666 4443 ΦΛΟΟΝᾶψωβΜ·
729 4392 828 4441 “facile
847 4392 969 4450 solventes,
986 4401 1014 4442 ut
1030 4393 1107 4459 ligna)
1124 4401 1218 4446 mittunt
1229 4415 1279 4445 cor-

146 4455 184 4505 Sic
201 4461 326 4511 Bentleius
341 4464 441 4514 correxit
459 4481 490 4514 ex
507 4466 637 4526 scholiaste,
653 4483 697 4532 pro
729 4475 747 4500 ‘⁴
755 4488 815 4534 pora
835 4470 931 4520 diffusa:
960 4473 986 4538 (i.
1003 4490 1023 4522 e.
1045 4491 1070 4524 se
1087 4475 1174 4538 passim
1191 4473 1279 4522 diffun-

175 4202 237 4252 Ibid.
254 4207 394 4254 membrana
403 4210 439 4257 oet
449 4218 537 4257 cortes:
556 4208 592 4256 uti
603 4209 694 4258 idean·

142 4275 191 4334 der,
205 4281 264 4328 ther.
275 4285 331 4331 592.
342 4281 373 4330 de
382 4293 434 4332 cate
444 4283 539 4333 annecti
545 4287 669 4347 serpentis:
